2242 2930
469 238 521 263 An
556 236 697 262 KLElNll
727 233 1036 262 Drspost‘rmNEM
1058 235 1436 268 ECHINODERMATVM.
1648 241 1700 283 2ss

210 323 331 361 ximus
348 319 576 360 transuerfim
594 319 788 371 specietur²
807 320 1061 371 reperiuntur3
1090 321 1127 357 in
1145 321 1353 359 minoribus
1371 329 1444 362 lex.
1500 324 1698 365 Tubercu.

209 380 329 416 lorum
341 388 547 422 numerum,
560 387 596 412 et
614 376 827 423 variantem,
853 388 890 414 et
907 377 1016 413 nimis
1034 389 1206 426 magnum
1229 377 1385 415 definire
1400 379 1460 417 vix
1476 380 1573 419 licet.
1632 385 1697 420 Se-

209 436 281 471 ries
293 431 570 469 tubercuiorum
582 433 827 470 maximorum
841 433 1013 470 constant
1030 432 1186 482 singulae
1198 433 1393 472 taberculis
1409 448 1468 480 30.
1497 436 1613 474 Areae
1629 439 1699 475 mi-

208 501 321 525 nores
343 498 381 524 et
405 487 610 525 ambulacra
630 488 744 538 magis
764 501 934 526 connexa
952 488 1053 535 sunt,
1085 501 1122 527 et
1138 489 1357 539 prominent
1371 503 1458 541 prae
1477 492 1691 544 maioribus,

205 543 370 592 indeque
388 543 477 580 testa
496 543 538 580 fit
555 544 740 593 angulosa,
799 546 928 582 Sutura
945 544 1086 592 media,
1112 545 1273 595 argurius
1299 545 1430 584 serrata
1446 576 1457 594 ‚
1486 547 1565 585 fere
1581 548 1693 595 recia,

204 599 326 637 minus
345 598 546 647 manifesta,
575 600 724 638 interim
744 611 867 638 tamen
886 613 926 638 re
944 601 1015 651 ipsa
1032 601 1070 638 in
1090 602 1181 638 areis
1203 601 1409 640 minoribus
1437 603 1555 641 adest:
1584 603 1691 654 quod

201 667 314 706 negat
336 668 521 694 KleivaS.
603 657 733 694 Sutura
757 657 876 695 media
901 670 1035 695 omnes
1075 669 1178 695 areae
1206 659 1244 695 in
1261 656 1383 696 affulas
1402 659 1691 710 distinguuntur,

200 723 293 760 quae
312 712 349 749 in
369 711 460 749 arcis
479 711 680 750 maioribus
701 712 782 751 sunt
800 713 971 760 latiores,
1002 713 1040 751 in
1067 714 1274 751 minoribus
1297 715 1419 753 multo
1444 716 1689 766 angustiores.

199 767 280 805 Hae
291 767 680 818 assiiiaepraesertimin
697 769 878 807 interiore
894 771 1006 808 testae
1030 768 1221 821 superficie
1238 771 1533 822 conspiciuntur.

308 850 523 888 Ambulacra
538 849 687 900 perosa,
719 863 764 887 ex
773 850 889 888 tribus
901 850 1061 888 seriebus
1075 850 1406 900 longitudinalibus
1424 864 1606 902 pororum
1619 851 1686 891 du-

196 906 347 958 plicium
366 905 587 957 compofita‚
617 919 768 955 quarum
796 907 916 944 media
947 906 1093 953 serrata,
1119 907 1212 944 duae
1229 907 1436 945 exteriores
1458 907 1684 946 reetaesunr.

194 963 245 1001 Hi
263 963 348 1014 pori
366 963 480 1012 magis
499 974 515 999 a
532 961 567 999 se
585 962 746 1000 inuicem
765 963 910 1010 distant,
941 976 1049 1012 quam
1067 963 1105 1000 in
1124 962 1236 1012 figura
1268 977 1412 1002 nemu
1452 963 1683 1002 delineatur:

193 1019 292 1057 inter
310 1019 482 1069 fingulam
504 1031 687 1069 potorum
709 1018 859 1067 seriem,
890 1020 941 1056 est
958 1018 1238 1056 tuberculorum
1263 1020 1451 1058 minorum
1475 1019 1585 1057 series
1611 1019 1684 1057 ser.

191 1085 280 1117 rata.
336 1075 410 1127 lpsa
427 1074 518 1113 haec
535 1074 739 1113 ambulacra
755 1074 838 1114 sunt
860 1075 974 1126 magis
997 1074 1191 1113 Iutesccnti
1220 1075 1388 1124 cinerea,
1413 1088 1523 1127 quam
1542 1076 1683 1127 reliqua

189 1132 292 1170 testa.

300 1215 349 1250 Os
366 1211 480 1249 limile
496 1210 541 1257 ei,
575 1210 678 1260 quod
694 1211 731 1248 in
743 1211 868 1249 Echino
882 1210 1049 1259 esculento
1067 1211 1090 1249 s.
1107 1212 1222 1262 prima
1236 1212 1382 1250 Cidaris
1397 1212 1517 1263 speeie
1529 1214 1579 1250 est
1589 1213 1680 1250 deli-

190 1279 351 1316 neatum.
410 1268 516 1305 Sirius
533 1266 713 1317 profundi
743 1267 912 1306 lineares.
973 1269 1083 1306 Labia
1107 1268 1214 1305 rech.
1276 1268 1450 1307 Maxillae
1475 1269 1569 1306 fixae
1595 1269 1681 1307 sunt

188 1324 306 1362 reciae
320 1353 330 1371 ,
361 1323 609 1373 subinregrae,
639 1323 772 1360 ieniter
793 1336 1076 1374 nonnumquam
1096 1324 1359 1375 emaiginatae,
1384 1324 1567 1371 subsident
1585 1325 1680 1368 areis

187 1380 410 1420 mInoribus.
469 1379 662 1417 Foramina
683 1379 721 1416 in
738 1380 781 1417 iis
798 1379 880 1418 sunt
896 1380 1141 1430 triangularia.

303 1458 559 1510 Magnitudine
577 1459 796 1509 plerumque
819 1471 950 1510 aequat
968 1461 1148 1497 diameter
1167 1461 1243 1498 eius
1277 1462 1503 1501 transuersus
1531 1462 1627 1501 duos
1638 1474 1679 1502 et

187 1518 380 1556 dimidium
400 1516 570 1565 digitum,
600 1515 758 1553 altitudo
778 1528 888 1553 vnum
909 1528 994 1553 cum
1015 1515 1187 1554 dimidio.

299 1610 374 1636 VAN
395 1608 521 1636 mans.
541 1597 566 1636 l.
586 1609 612 1635 c.
631 1609 666 1646 p.
686 1604 738 1640 28.
762 1611 814 1638 no.
832 1610 870 1643 15·
893 1599 967 1647 Isyn
986 1595 1115 1645 wratje
1133 1599 1300 1647 Zee-egel.
1326 1598 1490 1638 Echinus
1509 1600 1676 1639 verrucis

183 1667 318 1707 paruis.

298 1748 445 1774 wALcH.
465 1735 575 1774 Delic.
593 1747 667 1773 nat.
682 1749 720 1784 p.
736 1748 804 1781 175.
821 1735 893 1774 tab.
910 1737 947 1773 E.
962 1733 998 1785 f.
1019 1748 1042 1774 ι.
1101 1736 1363 1785 Fragmentum
1375 1736 1580 1785 Echinitae,
1610 1751 1670 1776 cu·
1688 1735 1864 1783 ‘rahxuz

182 1793 237 1830 ius
260 1803 462 1842 protypum
480 1793 531 1829 est
546 1791 686 1829 Cidaris
701 1792 865 1841 angulosa
887 1804 1041 1832 mensu.
1097 1792 1314 1829 Ambuiacra
1335 1792 1469 1842 porosa
1482 1793 1674 1832 manifeste
1690 1779 1754 1817 Fig.
1767 1787 1798 1810 ¹'

182 1847 347 1899 conspici
367 1847 527 1897 potiunt.
588 1849 644 1885 Ex
662 1848 845 1887 Heluetia.
903 1849 1052 1886 Notatu
1073 1846 1228 1897 dignum
1246 1848 1324 1886 hoc
1349 1849 1564 1900 exemplum
1592 1863 1670 1888 me·

179 1905 338 1952 rebatur,
369 1914 409 1942 vt
425 1903 463 1941 id
482 1904 577 1945 Tab.
594 1904 703 1945 XLII.
721 1904 744 1942 f.
771 1919 797 1944 1.
828 1915 1096 1956 repeteremus.

290 1989 385 2024 leon
400 1985 444 2023 ib.
461 1987 491 2023 E
508 1988 552 2024 II.
565 1985 598 2034 s.
617 1999 648 2023 2.
673 1999 781 2037 quam
793 1999 868 2024 vAN
879 1985 1204 2037 Pnsszsviiallegat,
1221 1987 1280 2025 vix
1297 1987 1405 2028 huius
1431 1986 1581 2041 speciei,
1596 1987 1662 2026 sed

177 2043 305 2095 potius
322 2042 608 2092 hemisphaericae
624 2043 689 2092 est,
717 2054 757 2082 vt
776 2042 866 2082 dixi.
