2242 2930
439 245 493 271 AD
525 242 666 270 utimr
679 225 1005 268 ''msrosirioNEM
1026 232 1400 270 tcflixootmmrvu}
1606 243 1651 280 ψῃ

273 330 400 379 Forte
417 329 490 365 hue
517 326 680 377 pertinet
704 325 845 363 Cidaris
871 325 1074 370 variolam,
1104 322 1213 373 spinis
1233 322 1470 372 longiffimis,
1501 325 1647 377 asperis,

176 385 285 432 albis,
316 383 494 432 viridique
527 381 728 429 annulatis,
757 381 861 418 cuius
885 381 1010 419 breuis
1039 352 1240 430 descriptio
1273 379 1380 418 datur
1404 379 1444 416 in
1470 382 1646 432 Encyclop

179 443 274 480 Tom.
296 442 353 478 VI
375 450 447 488 ρ.3.
472 449 510 476 et
542 439 628 475 Jab.
654 439 743 475 LXI.
772 436 895 487 spinae
916 436 1177 488 depinguntur.

286 531 418 557 MVELL.
438 519 514 556 Lin.
535 520 621 556 Nat.
642 517 725 567 Syst.
749 519 806 555 VI.
824 519 861 554 B.
874 527 907 566 p.
937 525 995 562 158.
1022 517 1118 554 hane
1144 515 1318 553 Cidarern
1345 515 1441 553 bene
1465 513 1651 564 describit,

174 585 211 614 et
227 575 380 613 iconem
402 576 487 612 Tab.
517 574 650 623 VIII-f.
666 588 695 611 2.
721 572 801 612 satis
827 573 965 610 bonam
990 572 1112 611 tradit.
1170 572 1388 609 Ambulacra
1418 582 1541 609 tamen
1571 583 1653 611 non

173 630 370 681 diligenter
391 629 553 681 expressa
568 630 665 678 sunt,
697 641 820 682 neque
839 641 920 667 area
937 640 1150 682 pentagona
1167 628 1265 666 circa
1289 638 1397 666 anum
1422 637 1587 679 apparet.

283 710 343 749 Ad
359 712 388 761 §.
413 713 465 751 16.

283 804 447 830 LANGws
467 793 502 829 in
519 791 646 837 Histor.
666 794 744 841 Lap.
752 793 819 841 fig.
839 791 1066 840 Heluetiaep
1085 803 1154 837 124.
1167 789 1340 827 describit
1355 788 1553 828 Echiniten
1564 803 1650 829 oua-
1636 802 1715 841 -2812
1719 813 1741 834 c
1756 804 1823 835 vn,

173 846 267 885 rium
289 847 610 885 subflauescentem
639 849 843 894 minorem,
871 846 1075 884 duodecim
1101 846 1194 883 striis
1218 858 1239 882 e
1267 845 1478 883 transuersis
1503 846 1652 885 lineolis
1683 844 1824 875 Echimtes

175 903 361 950 conflatis,
392 904 585 941 interstitia
603 905 682 940 stria
689 916 766 940 rum
784 903 925 953 papillis
946 902 1107 940 minimis
1119 901 1408 953 occupantibus:
1440 901 1548 940 huius
1566 915 1657 941 vero
1707 896 1833 923 otcarius,

174 958 269 996 icon
285 959 381 998 nulla
398 960 513 998 datur.
574 959 810 1009 Subiungitur
834 970 956 997 autem

291 1039 483 1077 Echinites
503 1040 650 1077 ouarius
670 1038 930 1077 subflauescens
949 1038 1143 1084 minimus,
1172 1035 1374 1075 duodecim
1392 1038 1486 1076 striis
1506 1051 1526 1076 e
1542 1033 1661 1090 papii}

179 1094 224 1133 lis
241 1095 441 1133 maioribus
461 1096 654 1143 conflatis,
684 1095 874 1134 interstitia
891 1094 1055 1132 striarum
1077 1094 1223 1144 punffls
1252 1094 1413 1131 minimis
1441 1096 1659 1144 occupanti-

179 1152 274 1189 bus:
299 1151 361 1200 qui
376 1153 444 1189 tab.
462 1164 508 1197 35.
527 1152 667 1201 insbrie
693 1152 814 1201 infima
831 1150 1056 1196 delineatur,
1092 1160 1129 1186 et
1145 1161 1163 1185 a
1181 1162 1332 1186 1<LE1N10
1357 1149 1430 1186 sine
1455 1150 1570 1186 dubio
1596 1151 1659 1188 hic

181 1206 409 1254 intelligitur,
467 1209 563 1243 Icon
582 1207 778 1256 diligenter
795 1205 885 1243 fadia
903 1216 983 1241 non
1002 1205 1066 1250 est,
1094 1203 1307 1241 indic-antur
1324 1205 1422 1240 enim
1453 1207 1664 1254 quatuorde-

182 1263 248 1301 cim
264 1262 368 1298 striae
387 1261 599 1311 papillarum
619 1290 630 1309 ,
659 1260 763 1310 quod
787 1270 969 1311 repugnat
993 1258 1254 1309 descriptioni:
1288 1271 1399 1308 quare
1425 1260 1533 1296 etiarn
1565 1260 1661 1299 hanc

180 1318 334 1355 iconem
353 1317 414 1354 hic
431 1327 601 1367 repetere
619 1316 888 1363 dubitauimus,
914 1314 1126 1366 praesertim
1153 1327 1238 1352 cum
1257 1313 1328 1364 ipsa
1352 1314 1552 1366 descriptio
1576 1328 1664 1367 pro-

181 1377 266 1425 pter
281 1373 548 1410 duodecimum
565 1373 726 1410 striarum
746 1384 940 1410 numerum
958 1371 1069 1408 nobis
1093 1370 1251 1421 iuspecla
1268 1370 1445 1409 videatur.

297 1453 425 1491 Veros
431 1452 515 1490 mile
538 1452 627 1489 mihi
652 1451 797 1489 videtur
821 1450 998 1489 Echiniten
1016 1463 1113 1487 oum
1106 1463 1176 1487 zm]
1192 1460 1343 1498 paruum
1361 1463 1474 1489 PLoT.
1492 1463 1567 1491 nat.
1590 1452 1663 1499 hist.

185 1508 496 1560 Oxfhrdsl2.o.108.
514 1508 547 1560 ᾧ.
565 1516 612 1551 85·
631 1509 699 1545 tab
710 1521 744 1552 5.
752 1509 820 1555 fig.
846 1511 876 1543 6.
896 1505 1002 1542 huius
1020 1505 1088 1541 effe
1106 1505 1258 1554 speciei:
1291 1505 1546 1544 etlitu'oercula
1565 1508 1664 1557 paul-

185 1565 226 1603 lo
246 1565 384 1601 maiora
402 1564 480 1600 fint.
539 1564 666 1612 Figura
686 1562 784 1599 enirn
808 1560 1020 1610 diligentius
1047 1559 1182 1610 iculpta
1207 1561 1275 1597 est:
1306 1573 1483 1610 apparent
1502 1563 1539 1599 in
1561 1564 1666 1612 quln-

186 1632 260 1669 que
273 1618 364 1656 areis
382 1618 580 1656 maioribus
600 1618 691 1655 duae
708 1616 986 1655 tuberculorum
1006 1615 1126 1661 series,
1156 1627 1193 1654 et
1211 1627 1314 1652 areae
1332 1616 1509 1664 minoi-es,
1538 1619 1666 1656 abam-

185 1674 343 1712 bulacris
360 1675 504 1724 porofis
515 1674 724 1723 cinguntur:
742 1672 928 1711 tubercula
940 1671 1030 1709 haec
1042 1671 1201 1709 omnino
1216 1671 1353 1708 niaiora
1364 1670 1456 1720 sunt,
1483 1674 1666 1723 quammi-

188 1730 296 1769 liaria.
354 1732 530 1767 Inuenrus
548 1731 598 1767 est
615 1730 714 1767 iuxta
730 1732 886 1779 Tqynton
905 1727 980 1777 agri
1003 1727 1245 1764 Oxonienlis.

300 1823 408 1849 vao.
432 1808 566 1859 litlvoph.
593 1820 629 1858 p.
653 1815 710 1856 46.
736 1823 790 1848 no.
809 1821 954 1855 954-49.
984 1808 1021 1844 E.
1046 1806 1200 1846 sublutei
1218 1807 1379 1853 coloris,
1407 1821 1428 1846 e
1454 1808 1663 1861 lapidicinis

187 1867 377 1908 Cowleanis
401 1867 473 1905 tab.
502 1868 561 1903 IX.
577 1865 614 1915 f.
632 1879 715 1911 940.

300 1960 400 1987 ιιετ,
415 1947 457 1985 de
481 1947 551 1996 lap.
572 1947 662 1985 turb.
675 1957 710 1996 p.
722 1960 793 1984 222.
811 1947 870 1984 tit.
886 1948 992 1995 etfig.
1005 1959 1061 1993 24.
1083 1945 1208 1983 omnia
1228 1958 1276 1983 ex
1288 1959 1432 1986 PLo‘rm
1444 1946 1556 1986 sumta
1573 1947 1663 1986 sunt.

301 2041 460 2066 Bovimv.
483 2027 605 2077 petrif.
626 2038 658 2076 p.
691 2033 745 2073 76.
771 2041 821 2064 no.
839 2040 918 2073 340.
941 2027 1133 2065 Echinites
1158 2027 1304 2065 oum-ius
1329 2040 1481 2078 paruus,
1522 2028 1672 2079 globuli

189 2086 311 2126 forma
328 2084 396 2123 tab.
412 2083 624 2136 Hbs-340·
636 2083 838 2122 mediocris
857 2082 960 2124 icon.
992 2083 1075 2136 lbs·
1088 2085 1663 2138 345.et346.·eXLANG10suffitae.
