2242 2930
462 245 510 271 AD
537 241 677 269 KLEINII
703 237 1007 266 msl'oslTIONEM
1041 240 1420 268 ECHINODERMATVM.
1648 242 1694 277 37

312 327 487 368 Refertur
512 326 556 363 ad
580 325 719 363 Echinos
744 324 1020 371 mammillares,
1053 323 1202 362 additur
1235 334 1359 360 tamen
1399 336 1570 363 verrucas
1596 339 1687 364 nun-

200 398 312 435 quam
334 397 411 422 eam
432 381 722 430 magnitudinem
742 379 906 430 adipisci,
939 393 1032 429 quae
1075 380 1112 417 in
1153 380 1277 418 cidari
1300 380 1532 418 mammillam
1552 383 1690 432 reperi-

199 452 271 486 tur,
303 438 400 476 vnde
418 437 590 486 sequitur,
608 449 690 474 eum
708 436 867 474 omnino
885 436 928 473 ad
943 436 1117 484 Cidarem
1137 435 1362 483 variolatam,
1393 435 1497 484 quod
1509 445 1548 474 et
1564 436 1688 474 iconis

199 493 414 545 conspee'tio
436 493 564 540 docet,
594 493 794 542 pertinere.
856 493 966 529 Testa
989 493 1126 542 tegitur
1144 492 1354 530 membrana
1378 491 1500 541 nigra,
1532 504 1600 540 qua
1618 491 1684 542 spi-

197 564 266 588 nae
289 549 371 600 ipsis
396 548 539 599 papillis
563 548 772 588 nec'luntur.
831 548 983 598 Depicffa
1009 549 1061 587 est
1086 548 1176 585 haec
1202 548 1290 585 testa
1317 548 1341 584 l.
1375 561 1403 585 c.
1432 548 1501 585 tab.
1527 549 1572 585 D.
1591 547 1621 597 s
1649 561 1688 593 7.

197 605 314 651 Quod
332 605 353 643 fi
371 618 461 654 aqua
478 604 600 655 tepida
617 604 758 642 lauetur
775 604 864 646 testa
880 604 1063 652 albiffima,
1095 617 1201 654 quam
1221 616 1246 642 t.
1262 602 1484 654 XXXVILf,
1502 617 1522 642 1.
1542 615 1688 654 reprae-

196 662 391 707 sentamus,
405 672 611 711 comparet.
670 659 772 698 Radii
783 672 907 698 tamen
923 660 1024 708 deni,
1052 660 1132 711 (qui
1151 659 1262 698 nobis
1280 660 1316 697 in
1334 659 1552 698 ambulacris
1569 671 1686 710 poro-

197 717 238 755 fis
257 717 381 754 locum
403 715 737 765 haber-evidentur)
750 716 845 765 nigri
857 716 998 766 semper
1008 727 1213 755 remanent.
1273 716 1385 754 Testa
1402 717 1453 753 est
1471 714 1631 754 rotunda
1649 725 1689 751 et

197 768 385 823 eleganter
402 772 597 820 fornicata,
621 772 913 823 magnitudinem
931 772 1090 810 duorum
1110 784 1323 823 pugnorum
1342 772 1529 810 interdum
1548 781 1696 821 aequat,

309 855 434 903 Spinae
453 852 693 902 longitudine
711 852 792 890 sunt
811 852 868 890 vel
894 852 1076 900 duorum,
1109 851 1169 889 vel
1195 857 1218 890 6
1236 851 1464 902 digitorum,
1493 852 1615 889 bruno
1633 850 1692 888 ni·

198 922 304 961 grae,
334 910 371 947 in
390 908 457 946 bali
476 907 674 946 craffiffima
695 909 854 947 aciculae
873 907 1048 954 crassitie,
1077 908 1184 958 apice
1216 907 1438 946 tenuiffimo.
1500 907 1693 945 Constant

198 979 246 1004 ex
262 965 385 1004 multis
403 963 623 1003 subtiliffime
639 964 779 1002 serratis
797 963 954 1012 annulis,
982 964 1042 1013 qui
1061 963 1171 1001 nudis
1188 963 1308 1001 oculis
1327 963 1407 1011 vix,
1437 963 1532 1001 taciu
1553 962 1687 1000 melius

199 1021 503 1072 cognoscuntur:
529 1033 612 1057 nam
633 1020 675 1058 ab
693 1021 797 1072 apice
814 1020 934 1058 versus
955 1019 1050 1057 bafin
1070 1020 1191 1069 digito
1214 1019 1383 1070 tangenti
1400 1018 1541 1057 minimi
1568 1017 1689 1056 aculei

199 1079 377 1118 resistunt.
436 1078 477 1114 ln
496 1076 563 1113 bali
584 1076 711 1113 harum
730 1077 909 1127 spinarum
928 1077 978 1113 est
997 1077 1151 1114 annulus
1168 1076 1404 1127 prominens,
1429 1075 1492 1114 sub
1512 1088 1588 1126 quo
1607 1073 1691 1112 fun-

199 1135 428 1180 damentum,
457 1145 533 1182 quo
558 1132 700 1183 papillis
728 1133 937 1171 necstuntur.

310 1214 507 1252 Varietatis
531 1212 763 1250 mentionem
783 1211 904 1249 iniicit
930 1212 956 1250 l.
986 1224 1014 1253 c.
1032 1221 1068 1261 p·
1092 1218 1146 1257 ρό-
1170 1211 1281 1262 spinis
1299 1211 1513 1261 variegatis,
1542 1208 1688 1247 annulis

199 1270 302 1319 albis,
323 1270 453 1320 nigros
470 1267 762 1307 intercedentes.

313 1344 623 1385 Communicauit
645 1345 844 1382 nobiscum
865 1344 995 1383 beatus
1021 1357 1235 1383 mvttttnvs
1257 1344 1377 1395 spinas
1404 1342 1512 1382 huius
1538 1341 1690 1394 speciei,

201 1416 351 1454 quarum
362 1415 434 1441 nos
444 1414 550 1439 vnam
565 1402 661 1441 Tab.
676 1402 733 1441 LI.
747 1400 771 1437 f.
785 1414 816 1450 g.
830 1417 854 1439 1.
868 1414 902 1450 g.
919 1401 1147 1451 2.separa·tirn
1159 1412 1196 1438 et
1208 1400 1463 1450 microscopio
1474 1400 1611 1438 audiam
1630 1410 1688 1436 re·-

200 1459 484 1511 praesentamus.
543 1457 712 1506 Papillae,
742 1458 800 1493 cui
823 1456 1001 1504 insident,
1035 1457 1139 1506 apice
1160 1456 1241 1492 sunt
1263 1455 1486 1505 perforatae,
1515 1466 1554 1492 et
1574 1454 1689 1492 maio-

201 1529 287 1564 res,
319 1513 480 1552 minorib
487 1525 528 1550 us
551 1511 714 1576 granulis
732 1511 894 1550 cinelae:
928 1511 1055 1561 quod'
1049 1524 1086 1548 in
1103 1511 1216 1548 icone
1234 1523 1314 1548 non
1332 1510 1538 1560 expreflum
1556 1511 1617 1548 est.

1699 1391 1738 1422 T.
1758 1389 1802 1418 m.
1826 1398 1854 1428 g,
1881 1396 1910 1420 1.

1765 1440 1795 1469 g·
1821 1438 1854 1464 2·

313 1591 489 1629 Proxime
508 1588 551 1626 ad
569 1571 665 1626 hane
679 1587 840 1638 speciem
869 1572 1041 1651 accedit,
1065 1598 1104 1624 et
1129 1587 1201 1625 line
1229 1585 1344 1631 dubio
1371 1587 1448 1624 eius
1475 1586 1692 1624 varietatem

203 1646 337 1695 efficit,
364 1646 503 1684 Cidaris
527 1646 727 1691 variolam,
757 1656 849 1693 quae
873 1644 912 1681 in
939 1644 1064 1681 muleo
1089 1642 1273 1680 Linkiano
1298 1639 1395 1693 (cist.
1423 1655 1494 1689 114.
1519 1655 1585 1680 n0.
1603 1640 1689 1694 29.)

200 1705 395 1767 reperitur,
421 1712 462 1740 et
480 1702 584 1740 cuius
600 1699 798 1749 imaginem
814 1700 910 1739 Tab.
927 1700 1058 1742 XLVl.
1094 1698 1153 1750 fig.
1170 1713 1198 1742 1
1232 1697 1436 1737 offerimus.
1458 1697 1595 1736 Differt
1621 1710 1685 1746 ea,

203 1774 219 1799 a
236 1761 366 1812 priori.

311 1836 424 1874 Testa
446 1834 561 1885 magis
581 1831 760 1886 depremi,
785 1832 918 1873 leuiter
935 1833 1033 1873 circa
1053 1831 1232 1883 verticem
1251 1830 1435 1883 angulosa,
1467 1830 1687 1871 ambulacris
1697 1837 1735 1868 T.
1752 1835 1858 1869 XLVI.
1876 1842 1903 1866 1.

201 1893 398 1946 biporofis.

349 1968 573 2020 Descriptio.

312 2061 412 2099 Color
426 2060 720 2108 testaecoeruleo
741 2061 925 2108 cinerem,
953 2061 1029 2113 qui,
1061 2074 1145 2100 cum
1156 2061 1279 2100 viuum
1293 2059 1379 2099 effet
1395 2057 1539 2106 animal,
1565 2057 1689 2098 o'mni-

201 2128 255 2154 no
286 2117 481 2155 coeruleus
498 2116 608 2156 fuit.
636 2120 768 2167 Figura
787 2119 865 2157 eius
884 2119 936 2156 est
963 2117 1203 2171 orbicularis,
1234 2117 1375 2156 vertice
1397 2114 1591 2166 depreffo,
1616 2115 1686 2155 basi

201 2172 450 2220 subconuexa,
480 2187 538 2211 ore
555 2172 758 2213 admodum
779 2175 919 2238 amplo,
945 2188 1025 2213 ano
1030 2174 1212 2221 circulari,
1240 2173 1303 2223 qui
1324 2172 1480 2224 regulari
1501 2181 1684 2222 pentago-

201 2241 255 2268 no
285 2228 526 2270 subeor-iaceo
563 2229 743 2280 cingitur:
794 2231 899 2271 cuius
933 2230 1056 2282 anguli
1091 2230 1338 2270 foraminibus
1369 2229 1452 2270 sunt
1481 2225 1682 2279 perforati·

1013 2287 1044 2327 E
1072 2297 1094 2337 3
1623 2282 1683 2320 Eo
