2242 2930
617 211 681 251 Αἰ)
718 221 914 251 atzmu
943 220 1389 262 ECHiNODERMATA,
1711 234 1735 275 3

236 308 409 356 retrahit,
439 306 660 358 vt.conspici
677 306 786 358 plane
804 318 999 358 nequeant.
1058 309 1259 348 Caeterum
1280 312 1488 352 notandum
1506 316 1570 365 est,
1587 316 1653 355 has
1671 319 1741 358 ob-

235 363 461 402 seruationes
486 375 502 400 a
529 376 769 410 nravmvmo,
800 374 838 400 et
866 376 1037 403 BASTERO
1066 364 1247 404 institutas
1277 366 1349 405 effe
1372 369 1411 406 in
1434 369 1558 407 Echino
1573 372 1738 421 esculento

235 431 311 458 ιιΝ,
338 419 363 462 s,
389 419 426 456 in
444 418 656 469 speciebus,
674 432 776 469 quae
795 418 839 457 ad
857 421 1002 458 Cidarim
1019 421 1196 459 militarem
1218 435 1359 462 uentu
1384 425 1588 475 pertinent.

344 516 501 552 Nomen
520 515 667 553 Echinus
692 527 709 553 a
726 515 857 567 spinis,
893 517 998 567 quod
1017 517 1068 555 ob
1093 517 1169 556 illas
1203 514 1323 557 teneri
1354 531 1434 558 non
1453 520 1583 573 poffit,
1602 522 1740 564 habere

231 580 299 621 per
315 571 534 621 antiphrasin
561 571 717 610 videtur.
746 571 821 610 vid.
843 585 1031 612 GESNERVS
1056 575 1099 612 de
1115 587 1235 625 aquas.
1254 589 1336 626 pag.
1358 590 1452 628 415.
1487 578 1582 628 Mus
1604 581 1739 619 Calceo-

231 628 302 665 lar.
326 639 362 677 p.
386 634 449 678 84.
510 640 796 666 ALDROVANDVS
842 629 972 668 multas
1010 629 1093 667 alias
1117 630 1405 679 significationes
1424 632 1545 672 Echini
1561 635 1737 686 collegit:

229 682 301 721 vid.
331 683 499 720 Eius-dale
526 684 693 721 Animall.
714 685 938 734 exanguibus.
970 685 1065 739 Cap.
1081 686 1160 732 XL,
1186 700 1224 740 p.
1241 701 1287 727 m.
1311 702 1406 736 400.
1429 702 1518 742 quas
1542 690 1604 730 hic
1631 705 1739 732 com-

228 750 438 777 memorare
454 738 672 790 superfluum
701 739 842 780 iudico.

284 835 344 875 Ad
375 838 408 887 ᾗ.
434 850 470 879 2.

337 930 441 966 quat
458 927 519 966 hic
535 928 749 980 praecipuas
767 929 921 968 aliorum
947 931 1202 970 recentiorum
1230 932 1488 984 dispositiones
1504 934 1678 975 indicare.

342 1004 404 1043 Cl.
422 1017 600 1042 nnevnivs
617 1005 654 1042 in
679 1006 887 1045 Schediasm.
906 1009 947 1045 de
964 1008 1119 1055 Echinis,
1150 1022 1284 1047 omnes
1304 1011 1470 1049 Echinos
1483 1041 1494 1059 ,
1529 1011 1735 1052 secundum

227 1061 456 1113 positionem
475 1061 551 1098 oris
569 1072 607 1098 ct
629 1062 708 1110 ani,
738 1063 782 1100 ad
806 1063 945 1114 septem
965 1064 1114 1102 Genera
1130 1064 1296 1105 reducit:
1328 1080 1420 1118 quae
1436 1067 1518 1106 sunt

284 1160 310 1199 Ι.
342 1157 603 1205 Echinometra,
633 1159 690 1196 cui
708 1160 784 1196 oris
802 1171 968 1209 apertura
987 1161 1038 1197 est
1056 1161 1095 1198 in
1111 1172 1246 1199 centro
1268 1163 1356 1201 basis
1376 1164 1511 1214 posita,
1560 1166 1619 1202 ani
1641 1164 1735 1204 >vert>

339 1216 376 1252 in
395 1215 556 1262 vertice,
590 1215 646 1252 ori
663 1229 683 1252 e
710 1215 892 1252 diametro
914 1216 1096 1266 opposita.
1154 1218 1215 1255 Est
1239 1220 1379 1257 Cidaris
1398 1233 1553 1257 nemu.

277 1293 321 1331 Π.
350 1291 600 1340 Echinoconus,
630 1291 687 1330 cui
708 1302 861 1342 vtraque
885 1303 1053 1343 apertura
1079 1293 1130 1331 est
1154 1293 1193 1331 in
1219 1294 1312 1342 basi,
1354 1294 1464 1333 altera
1495 1295 1635 1333 scillcet
1661 1309 1734 1347 pro

340 1359 407 1386 ore
423 1347 462 1386 in
479 1360 636 1395 centro,
668 1347 778 1385 altera
804 1360 895 1385 vero
915 1361 986 1400 pro
1005 1361 1078 1388 ano
1101 1349 1139 1389 in
1159 1351 1347 1402 margine,
1377 1351 1435 1390 vel
1459 1351 1613 1403 margini
1639 1365 1733 1405 pro-

334 1404 483 1456 pinqua.
541 1406 602 1442 Est
616 1405 737 1443 Fibula
765 1417 919 1443 nemu.
1598 1427 1601 1428 ν

285 1497 344 1535 ΙΠ.
377 1493 621 1546 Echinocorys,
651 1495 710 1534 cui
729 1496 779 1533 est
798 1507 967 1545 apertura
984 1506 1141 1547 Vtraque
1159 1497 1197 1534 in
1215 1495 1306 1544 basi,
1334 1496 1393 1534 illa
1411 1496 1551 1536 scilicet
1565 1512 1637 1550 pro
1663 1513 1733 1540 ore

339 1553 436 1590 inter
453 1564 622 1590 centrum
643 1564 681 1589 et
699 1551 924 1601 margine1n;
953 1564 1025 1602 pro
1045 1565 1118 1590 ano
1137 1565 1227 1591 vero
1244 1552 1283 1590 in
1303 1551 1382 1604 ipso
1401 1553 1566 1604 margine
1595 1555 1732 1608 longis-

335 1607 421 1646 sime
440 1607 607 1646 distante.
632 1609 694 1646 Est
710 1608 812 1654 Cdffls
829 1621 982 1647 nunu.

280 1687 343 1724 IV.
368 1684 600 1724 Echinamhus
618 1686 669 1723 est
678 1684 853 1729 Echinus,
867 1684 969 1722 cuius
986 1696 1152 1735 apertura
1170 1698 1242 1736 pro
1255 1698 1323 1723 ore
1345 1685 1396 1723 est
1407 1698 1529 1737 prope
1545 1699 1730 1739 centrum,

337 1754 409 1792 pro
427 1754 500 1778 ano
516 1742 554 1778 in
572 1741 738 1791 margine
758 1740 813 1778 vel
832 1740 875 1778 ad
896 1741 1120 1791 marginem,
1147 1740 1356 1792 longiffime
1374 1742 1420 1780 ab
1435 1755 1504 1781 ore
1521 1743 1730 1784 distantem.

333 1799 394 1835 Est
413 1799 551 1835 Scutum
570 1810 725 1835 itti-:min

278 1875 326 1913 V.
354 1874 664 1925 Echinoſjmtagns,
696 1874 754 1911 cui
772 1885 937 1924 apertura
963 1886 1034 1924 pro
1055 1886 1123 1911 ore
1141 1874 1192 1911 cst
1216 1874 1316 1925 inter
1343 1886 1515 1915 centrum
1541 1888 1580 1916 et
1600 1877 1733 1930 margi·

335 1944 444 1980 nem,
469 1944 541 1982 pro
561 1944 634 1970 ano
663 1942 752 1968 vero
774 1943 811 1967 in
838 1931 1022 1980 margine,
1054 1930 1113 1971 vel
1137 1930 1182 1967 ad
1214 1931 1417 1981 marginem
1443 1933 1622 1973 verticem
1650 1947 1733 1973 ver.

335 1988 416 2036 sus,
443 1987 502 2025 ori
530 1987 684 2038 oblique
700 1986 881 2038 opposita.
911 1988 1107 2038 Spatangus
1127 1998 1165 2025 et
1191 1987 1416 2037 Spatagoides
1458 2002 1615 2029 ΚιειΝιῐ.

282 2076 344 2116 VI⁴
375 2075 623 2128 Echinobriffizs
641 2078 692 2115 est
707 2075 893 2124 Echinus,
925 2076 1028 2114 cuius
1049 2077 1126 2114 oris
1153 2087 1321 2127 apertura
1347 2087 1517 2115 centrum
1537 2078 1624 2117 bafis
1649 2079 1732 2118 fere

335 2145 519 2183 occupat,
548 2134 606 2171 ani
622 2147 713 2171 vero
732 2132 770 2170 in
799 2133 941 2170 vertice
965 2133 1215 2183 conspicitur,
1254 2146 1272 2170 a
1303 2145 1438 2171 centro
1464 2134 1729 2184 aliquantulum

334 2200 504 2237 remota,
535 2190 627 2228 etin
650 2190 725 2230 sinu
747 2189 911 2241 quodam
929 2189 987 2227 ori
1007 2189 1162 2240 oblique
1186 2189 1368 2242 opposita.
1425 2189 1561 2241 Brlffits
1577 2203 1612 2230 et
1633 2191 1730 2241 Brifi

322 2246 441 2298 Joides
466 2257 620 2286 nemu.
1214 2279 1216 2281 ,
1366 2277 1373 2280 ,

316 2313 320 2317 ’
1020 2302 1055 2340 A
1088 2314 1105 2349 3
1528 2298 1611 2342 VII.
1628 2299 1726 2341 Echi-
