2242 2930
555 228 624 256 122
1160 226 1455 254 ADDITAMENTA

680 311 783 358 Testa
807 311 939 350 colore
958 311 1007 349 est
1026 312 1148 349 bruno
1159 311 1400 358 flauescentc,
1432 310 1570 349 ambitu
1599 322 1727 358 ouato,
1759 309 1932 347 lateribus
1945 309 2053 348 finua-

561 379 618 407 to.
678 370 821 406 Vei-tex
843 368 1056 406 occluditur
1077 380 1312 419 pentagono,
1337 367 1477 418 angulis
1496 367 1649 414 obtusis,
1678 367 1809 416 quibus
1830 366 1913 416 pori
1931 378 2051 416 oppo-

560 435 710 477 nuntur.
770 428 806 461 ln
828 425 990 474 quinque
1007 437 1127 475 partes
1145 424 1168 462 s.
1187 438 1291 462 areas
1309 424 1416 462 etiam
1437 424 1526 460 testa
1552 423 1729 460 diuiditur
1753 423 1966 460 ambulacris
1993 433 2052 470 pe-

561 481 746 519 taloideis:
771 481 825 517 vel
847 481 866 518 si
887 480 1049 531 spatium,
1073 481 1170 517 inter
1191 493 1310 531 poros
1327 478 1621 518 ambulacrorum
1642 478 1760 526 situm,
1789 490 1907 515 aream
1926 477 2053 515 dicere

562 536 697 587 placet,
726 549 829 574 areae
847 537 976 574 decem
1003 536 1172 574 euadunt.
1234 536 1670 584 Constituunturpetala,
1695 535 1741 573 fic
1761 534 1876 581 dicia,
1902 533 2052 571 duobus

564 592 719 630 arcuatis
737 592 966 640 ambulacris,
984 605 1152 641 quorum
1173 591 1347 642 singulum
1369 591 1507 641 duplici
1530 591 1717 629 instruitur
1738 591 1828 629 serie
1852 601 2050 642 potorum,

563 649 624 698 qui
649 660 770 698 prope
793 662 809 685 a
835 650 975 684 vertice
1000 649 1058 684 fibi
1087 648 1179 685 fiunt
1204 648 1388 697 proximi,
1418 647 1542 683 seusun
1567 660 1583 683 a
1612 647 1646 683 se
1663 647 1824 684 inuicem
1847 646 2050 688 recedunt,-

558 718 634 752 quo
658 705 770 752 magis
788 715 907 740 autem
929 703 972 740 ad
991 703 1113 748 latera,
1145 717 1192 740 eo
1212 704 1366 752 propius
1384 703 1515 739 iterum
1534 702 1576 738 ad
1595 702 1628 739 se
1647 703 1851 742 accedunt:
1880 703 1916 738 in
1935 702 2049 738 maio-

551 761 650 796 ribus
663 759 919 809 speciminibus
931 758 1080 808 spatium
1094 758 1128 794 in
1141 759 1244 808 apice
1254 758 1468 806 relinquunt
1479 757 1738 795 intermedium
1751 772 1758 798 ;
1789 759 1825 795 in
1839 758 2044 794 minoribus

554 826 674 851 autem
694 814 892 850 interiores
911 826 1094 864 pororum
1115 814 1222 850 series
1235 813 1546 861 congrediuntur,
1574 823 1612 849 et
1632 813 1842 851 exteriores
1861 826 1986 864 parum
2008 814 2046 850 in

558 870 662 921 apice
682 870 796 907 hiant.
856 870 889 906 A
910 869 1050 919 singulo
1068 882 1166 919 poro
1195 868 1239 906 ad
1258 868 1411 905 alterum
1435 867 1645 917 oppositum
1673 868 1789 907 sulcus
1815 869 2047 906 transueriim

558 938 765 963 excauatur.
852 926 941 974 Quo
960 925 1015 974 fit,
1037 937 1077 963 vt
1094 925 1225 976 petala,
1253 924 1403 962 auecore
1427 937 1582 962 numo
1595 955 1604 972 ‚
1631 924 1787 961 dicenda
1807 924 1874 962 lint
1889 936 2048 967 eremita,

555 983 654 1019 Inter
673 982 744 1018 bns
765 982 889 1020 <sulcos
909 981 1045 1032 politae
1062 982 1144 1019 sunt
1159 980 1438 1019 tuberculorum
1461 980 1701 1018 minimorum
1727 981 1852 1017 series:
1882 981 2046 1030 Spatium

553 1052 569 1075 a
589 1039 718 1089 petalis
738 1038 927 1085 incluliirn,
954 1039 1092 1088 reliqua
1118 1039 1231 1076 testae
1258 1036 1468 1087 superficie,
1500 1049 1594 1087 quae
1628 1037 1733 1087 plana
1749 1037 1828 1074 fere
1844 1035 2050 1083 descendit,

553 1096 668 1146 magis
691 1108 908 1132 conuexum
933 1094 1143 1145 elatumque
1160 1092 1469 1145 deprehenditur,
1671 1107 1675 1112 ·

670 1175 883 1222 Tubercula,
913 1186 1033 1212 totam
1058 1175 1185 1212 testam
1210 1173 1447 1223 obtegentia,
1476 1173 1645 1211 arenulae
1673 1175 1968 1225 magnitudinem
1987 1187 2045 1211 ae-

551 1243 687 1283 quant,
718 1243 755 1269 et
779 1231 997 1282 plerumque
1015 1230 1096 1267 sunt
1112 1232 1150 1268 in
1169 1233 1359 1279 quincunce
1376 1229 1502 1279 posita.
1566 1231 1673 1276 Area,
1701 1244 1794 1280 quae
1816 1231 1906 1268 haec
1922 1231 2046 1268 tuber-

554 1289 635 1327 cula
655 1287 870 1334 interiacet,
901 1286 1062 1325 minimis
1080 1285 1355 1332 eminentiolis,
1385 1285 1505 1322 oculis
1522 1282 1631 1321 nudis
1658 1286 1720 1322 vix
1753 1286 2044 1335 cognoscendis,

551 1344 688 1382 referta
710 1344 770 1380 cst.
851 1344 943 1389 Befis
959 1355 1081 1393 prope
1101 1355 1118 1379 a
1139 1342 1304 1392 margine
1320 1341 1448 1391 plana,
1477 1340 1614 1377 deinde
1633 1341 1753 1379 versus
1779 1342 1936 1379 mediam
1963 1353 2042 1392 par<

551 1412 627 1438 tem
649 1401 690 1438 fit
706 1411 892 1437 concaua:
919 1399 974 1435 Ex
995 1398 1149 1445 vertice,
1177 1410 1245 1448 per
1262 1397 1429 1447 spatium,
1445 1397 1488 1433 ab
1507 1396 1722 1434 ambulacris
1748 1399 1967 1448 petaloideis
1988 1398 2043 1434 irr-

546 1455 700 1504 clusum,
714 1453 804 1494 radii
817 1455 981 1505 quinque
997 1453 1099 1501 recffi,
1128 1452 1328 1498 subserrati,
1342 1450 1511 1502 impreffi,
1542 1452 1588 1488 ad
1605 1455 1805 1502 marginem
1818 1452 2045 1490 descenden-

552 1513 605 1550 do
623 1512 905 1564 expanduntur,
933 1521 1043 1560 atque
1058 1510 1096 1547 in
1116 1509 1185 1547 basi
1198 1509 1329 1546 iterum
1349 1518 1606 1556 conuergtint,
1639 1507 1892 1556 finiunturque
1908 1509 1945 1546 in
1961 1522 2041 1547 ore.

549 1569 656 1608 Hine
672 1580 710 1606 et
727 1568 895 1619 superior
911 1579 1008 1618 pars,
1037 1578 1074 1603 et
1091 1565 1201 1613 baiis,
1229 1565 1272 1602 iis
1291 1564 1328 1601 in
1345 1563 1511 1614 quinque
1529 1563 1691 1614 duplicia
1707 1565 1886 1614 triangula
1911 1564 2043 1603 diuidi-

539 1637 619 1673 tur,
650 1637 810 1674 quorum
828 1637 920 1675 apex
933 1623 984 1660 est
999 1622 1037 1659 in
1051 1622 1203 1668 vertice,
1234 1632 1271 1658 et
1289 1620 1328 1657 in
1351 1620 1520 1669 margine
1532 1620 1629 1661 oris3
1664 1621 1751 1658 bafis
1769 1621 1805 1658 in
1824 1622 2043 1672 peripheria.

544 1681 715 1721 Lineolis
759 1680 972 1717 transuersis
996 1677 1175 1715 obsoletis
1195 1677 1283 1715 testa
1301 1677 1337 1713 in
1357 1675 1485 1725 affitl'as
1501 1688 1733 1726 pentagonas
1745 1689 1782 1715 et
1810 1677 2045 1728 hexag01123‚

545 1736 667 1776 tamin
677 1734 875 1786 bafi7quam
892 1735 930 1772 in
941 1732 1133 1784 superficie
1150 1732 1337 1784 superiore
1349 1732 1539 1771 diuiditur,

655 1812 775 1864 Ipsum
799 1826 836 1849 os
865 1809 1118 1862 profundum,
1147 1808 1266 1846 media
1293 1808 1329 1844 in
1356 1819 1459 1857 parte
1483 1808 1666 1858 positum,
1699 1809 1830 1848 obtuse
1857 1822 2041 1861 pentago-

543 1882 647 1916 num,
675 1868 698 1908 s.
718 1867 1005 1913 subrotundum,
1038 1866 1126 1902 duas
1153 1865 1266 1901 lineas
1285 1864 1469 1900 diametro
1487 1876 1625 1913 aequat.
1689 1866 1791 1903 Anus
1809 1866 2041 1916 peripheriae

542 1925 753 1978 proximus,
784 1922 1015 1973 transuerlim
1035 1922 1171 1967 ouaiis,
1199 1919 1408 1969 lineamque
1427 1931 1535 1956 vnam
1561 1921 1768 1969 diametro,
1799 1921 1844 1959 ad
1871 1922 2036 1974 longitu-

503 2028 508 2032 .
544 1982 671 2020 dinem
687 1981 799 2020 testae
818 1979 936 2028 duesta,
967 1978 1086 2016 habet.

654 2061 905 2113 Reperiuntur
923 2059 1118 2111 specimina
1136 2057 1242 2095 liuius
1258 2056 1392 2107 speciei
1410 2056 1446 2094 in
1467 2056 1576 2107 musivo
1604 2057 1797 2106 Linkiano,
1827 2070 1865 2097 et
1883 2060 2038 2110 quidem

541 2119 660 2158 variae
675 2116 954 2167 magnitudinis,
985 2115 1023 2153 in
1042 2115 1173 2166 quibus
1193 2125 1316 2151 tamen
1337 2112 1565 2151 chamuel-es
1590 2113 1785 2164 specificos
1797 2114 1962 2155 diuersos
1973 2118 2040 2155 de-

537 2186 665 2227 tegere
686 2186 766 2213 non
775 2172 897 2227 potui.
958 2171 1105 2210 Colore
1119 2169 1310 2218 differunt,
1341 2170 1403 2220 qui
1421 2169 1641 2221 plerumque
1657 2170 1696 2207 in
1716 2171 1925 2211 minoribus
1954 2174 2036 2212 sub.

1922 2229 2035 2271 ieffis
