2242 2930
449 246 501 271 AD
527 243 666 270 KLEINII
693 237 999 267 DtSPosiTloNEM
1040 227 1418 270 EcfflNODERMATVMss
1646 244 1693 281 35

303 330 486 368 Externe:
526 327 758 364 Echinorum
785 326 897 363 testae
924 324 1126 373 contusae,
1158 336 1196 363 et
1216 338 1263 364 ex
1281 338 1372 375 aqna
1400 326 1524 374 illitae,
1557 329 1691 381 incipi-

198 387 344 425 entibus
364 384 467 435 panis
482 383 667 431 resistunt,
698 395 745 420 ex
767 393 877 421 aceto
890 410 900 429 ,
931 383 1097 422 strumis;
1128 383 1218 432 quin
1238 383 1348 420 etiam
1370 383 1599 432 epinyctidas
1617 387 1692 424 tol-

193 440 290 489 lunt,
347 452 478 478 1¹L1N10
496 438 660 480 auclore.
720 451 892 476 GALENVS
908 440 950 477 de
967 438 1109 488 compos?
1125 440 1242 477 medic.
1265 441 1303 476 Il
1337 439 1400 476 loc.
1421 439 1476 476 lib.
1498 441 1523 478 Ι,
1544 453 1572 478 c.
1592 453 1616 478 1.
1633 454 1689 479 re-

195 498 286 548 cipit
304 496 344 534 E.
364 496 528 533 marinos
548 495 586 532 in
609 495 886 534 medicamento
909 495 1086 545 quodam,
1118 495 1223 545 quod
1243 494 1492 534 caluescentes
1513 496 1690 546 prohibe-

194 565 247 598 re,
275 564 312 589 et
328 552 410 603 pilis
423 552 553 590 vestire
572 551 814 602 promittitur.
883 552 995 590 Testa
1014 551 1139 599 cruda,
1167 551 1308 588 inaffata
1329 551 1610 589 medicamentis
1628 552 1691 589 ad-

196 608 382 655 miscetur,
417 621 510 658 quae
529 609 655 659 psoras
679 608 901 657 abstergunt.
930 621 1110 647 mosceti.
1170 608 1239 645 Etsi
1258 606 1396 645 ectho
1414 620 1555 658 corpus
1572 608 1691 646 scabie

196 664 373 701 inseclum
399 675 646 715 perungatur,
678 664 722 702 ad
752 662 939 702 sanitatem
965 664 1065 702 idem
1093 677 1140 702 co
1170 664 1293 702 redire
1317 677 1501 702 AELIANVS
1527 665 1690 703 testatur.

196 719 334 758 Testae
356 731 540 758 crematae
558 721 651 758 cinis
669 720 790 758 vlcera
822 720 973 758 sordida
999 731 1180 771 expurgat
1198 749 1208 767 ,
1268 720 1514 758 luxuriantem
1540 733 1692 759 carnem

197 776 379 827 reprimit,
416 776 553 827 lepram
565 776 673 823 sanat,
700 777 903 827 alopeciam
916 777 1058 814 densat:
1102 789 1190 826 quas
1203 776 1531 826 quidemvirmtes,
1557 777 1689 815 etalias

200 833 321 870 minus
338 833 562 871 vei-ofimiles
581 833 701 883 ample
719 832 800 870 satis
819 845 1096 870 commemorat
1114 845 1302 870 Grsxssnvs
1323 832 1346 869 l.
1368 845 1396 870 c.
1415 842 1454 882 p.
1483 846 1559 879 425.

306 908 506 947 Exlitteris
518 909 576 947 Cl.
588 923 665 946 vAN
677 922 846 947 PHQLSVM
860 908 1092 959 subiungam:
1117 909 1212 958 apud
1232 908 1407 958 quasdam
1420 920 1565 958 gentes,
1593 907 1686 947 anti-

201 963 324 1016 Quitus
336 978 416 1003 non
429 976 583 1014 tantum,
594 965 656 1003 sed
669 978 706 1003 et
716 965 832 1003 hodie
843 965 976 1012 adhuc,
994 965 1031 1002 in
1046 965 1187 1002 deliciis
1207 965 1332 1002 haberi
1347 965 1536 1002 Echinos:
1561 977 1686 1014 neque

200 1021 400 1070 antiquitus
410 1021 541 1069 solum,
556 1034 682 1060 verum
695 1022 802 1060 etiam
814 1020 1019 1059 hodienum
1039 1021 1082 1058 ad
1102 1021 1328 1059 Medicinam
1352 1020 1525 1059 adhiberi.
1554 1022 1687 1059 Testas

200 1076 323 1127 saltem
335 1089 446 1127 atque
466 1091 608 1129 pennas
620 1077 678 1116 seu
694 1078 812 1128 spinas
825 1077 971 1116 acidum
991 1090 1099 1128 quam
1119 1077 1277 1115 maxime
1295 1078 1490 1129 attrahere,
1519 1089 1630 1128 atque
1641 1077 1688 1115 fic

200 1144 241 1171 vt
255 1133 421 1172 antacida
440 1134 608 1171 exhiberi
626 1133 738 1185 posse.

320 1210 547 1248 Addendum
574 1210 736 1260 denique
762 1210 833 1257 est,
858 1210 1097 1248 'obseruatum
1124 1209 1193 1247 effe
1218 1223 1234 1247 a
1263 1209 1484 1257 Veteribus,
1514 1210 1683 1248 Echinos

199 1266 424 1317 tempestatis
445 1265 670 1304 mutationes
688 1265 900 1316 praesagire.
959 1268 1056 1304 Nam
1074 1266 1202 1304 fluctus
1221 1279 1257 1303 et
1273 1266 1469 1316 tempestas
1488 1265 1532 1303 ad
1551 1278 1686 1305 terram

198 1323 367 1362 Echinos
386 1321 594 1360 deuoluens
612 1335 632 1359 e
649 1323 739 1360 mari
762 1321 930 1361 funditus
946 1322 986 1360 in
1013 1322 1153 1360 aridum
1177 1322 1329 1373 expellit
1356 1333 1394 1360 et
1426 1321 1612 1360 violenter
1636 1323 1684 1360 al-

199 1379 294 1418 lidit.
352 1379 405 1416 Hi
421 1378 497 1416 eius
514 1378 676 1429 pericula
697 1390 920 1425 metuentes,
945 1391 1029 1416 cum
1052 1379 1213 1416 sentiunt
1229 1391 1328 1415 mare
1345 1377 1615 1425 inhorrescere,
1646 1390 1685 1418 et

200 1447 399 1474 ventorum
417 1435 616 1472 acerbitate
633 1434 817 1484 procellas
837 1434 946 1478 cieri,
979 1433 1047 1471 suis
1066 1434 1176 1483 spinis
1203 1434 1347 1483 lapillos
1360 1463 1370 1479 ,
1401 1434 1446 1470 ad
1465 1435 1681 1483 gestandum

200 1491 328 1530 faciles
344 1490 502 1537 tollunt,
531 1501 569 1527 vt
588 1490 847 1527 libramentum
872 1489 1052 1535 habeant,
1085 1500 1125 1526 vt
1153 1502 1202 1526 ne
1232 1489 1481 1538 procellarum
1500 1490 1680 1540 inem-sus,

202 1560 245 1586 ac
274 1546 354 1584 suae
378 1546 571 1583 eieclionis
595 1545 799 1595 periculum
819 1544 977 1582 subeant.
1003 1544 1064 1581 vid
1094 1558 1204 1583 cessi.
1230 1545 1254 1582 l.
1280 1558 1308 1583 c.
1332 1556 1362 1595 p.
1385 1559 1464 1591 422,
1538 1547 1679 1595 Quoad

201 1603 295 1642 haec
310 1614 393 1640 vera
412 1602 593 1649 dicantur,
611 1601 767 1638 definire
784 1613 863 1638 non
874 1601 1008 1648 audeo,
1041 1613 1124 1638 cum
1144 1613 1161 1638 a
1182 1601 1456 1639 recentioribus
1483 1615 1562 1639 non
1584 1616 1678 1640 con-

200 1658 384 1696 firmatum
407 1658 595 1707 reperiam.
663 1657 705 1696 ld
735 1657 884 1707 quidem
909 1669 1021 1694 [ANVS
1048 1670 1214 1695 PLAchs
1241 1657 1371 1704 habet,
1408 1659 1586 1696 cornibus
1620 1659 1680 1697 seu

201 1713 398 1762 tentaculis
416 1714 582 1752 Echinos
603 1714 683 1752 solo
702 1712 760 1751 seu
778 1713 897 1750 fundo
925 1713 1033 1750 maris
1059 1713 1245 1751 interdum
1279 1713 1498 1760 adhaerere,
1522 1715 1681 1764 pracser-

201 1770 267 1808 tim
288 1771 324 1807 in
343 1770 538 1820 procellis,
567 1782 607 1808 vt
621 1771 690 1807 iam
710 1781 974 1806 nountrtrivs
990 1769 1203 1812 adnotauit‚·
1233 1770 1356 1819 itaque
1374 1769 1442 1807 hac
1460 1769 1679 1810 adhaelione

199 1826 381 1864 saeuitiam
401 1826 508 1864 maris
525 1825 761 1877 praesagiunt.
777 1824 847 1863 vid.
862 1838 980 1863 comm.
1004 1827 1133 1868 Boium,
1154 1828 1196 1864 T.
1229 1829 1267 1865 V.
1279 1838 1316 1877 p.
1340 1840 1404 1873 239.

307 1902 367 1941 Ad
383 1902 412 1952 §
432 1913 488 1957 14.
545 1903 603 1940 De
622 1903 743 1941 Cidari
767 1903 959 1941 variolam.

310 1981 426 2031 Saepe
445 1979 666 2018 eminentiae
681 1980 719 2017 in
737 1978 885 2017 Cidaris
904 1979 1100 2018 variolatae
1117 1993 1255 2031 magno
1280 1980 1494 2026 indiuiduo,
1528 1982 1679 2034 papillas

200 2036 346 2075 Cidaris
366 2036 620 2074 mammillatae
639 2047 815 2086 aequant;
848 2036 931 2075 sunt
947 2047 1071 2074 tamen
1090 2036 1234 2089 semper
1248 2037 1312 2075 alia
1331 2037 1448 2087 signa,
1479 2038 1611 2088 quibus
1628 2040 1664 2078 fa
1680 2069 1682 2071 -

199 2093 270 2131 cile
290 2105 306 2129 a
324 2091 358 2128 se
376 2091 536 2130 inuicem
554 2091 725 2143 distingui
742 2104 891 2142 queant.
949 2093 1010 2132 Cl.
1030 2107 1107 2133 vAN
1124 2107 1292 2132 PHELSVM
1312 2094 1389 2132 hoc
1404 2108 1521 2144 genus
1531 2097 1684 2146 Pokkige

203 2148 406 2187 Titlbanden
431 2147 542 2196 dicit,
573 2158 759 2188 caeterum
787 2148 926 2199 species
954 2149 1028 2188 huc
1052 2150 1286 2203 pertinentes
1302 2150 1346 2189 ad
1365 2151 1526 2202 primum
1554 2165 1685 2203 genus,

201 2204 306 2256 quod
322 2205 482 2254 Zee-egel
497 2205 679 2254 nominat,
703 2204 827 2260 refert.

973 2285 1053 2323 Ε).
1631 2284 1692 2325 Ad
