2242 2930
548 257 610 296 44
1166 250 1459 278 ΑΒΒΙΤΛΜΕΝΤΛ

557 339 674 378 ,ximus
703 337 920 376 eminentias
946 335 1122 376 offerunt.
1179 336 1343 374 Maiores
1369 335 1434 373 has
1460 335 1679 373 eminentias
1707 333 1850 372 minora
1877 332 2037 383 granula,

558 393 717 445 duplicis
733 393 867 432 iterum
887 394 1164 443 magnitudinis,
1192 393 1229 429 in
1254 392 1399 429 circulis
1422 390 1549 442 posita,
1581 391 1753 428 ambiunt.
1810 391 1849 426 ln
1871 389 2039 426 areisrni-

561 450 716 488 rioribus
736 449 828 488 duae
849 450 1084 487 maximarum
1105 448 1384 487 eminentia-um
1404 447 1524 494 series,
1557 446 1715 484 (imiliter
1734 445 1892 483 minimis
1908 456 2039 494 granu-

560 506 605 545 lis
631 506 891 544 circumdatae.
964 506 1144 542 Omnium
1171 517 1332 541 arearum
1358 503 1476 540 media
1502 503 1539 539 in
1567 514 1670 552 parte
1696 502 1812 540 sutura
1839 511 2039 537 excauatur

560 561 719 603 flexuosa
736 590 746 608 ‚
772 561 984 601 subserratffi
1007 561 1044 596 in
1069 561 1267 598 maioribus
1285 559 1376 596 areis
1392 558 1602 609 praesertim
1622 559 1815 596 euidenter
1826 554 2038 606 conspicua,

562 617 675 668 qualis
692 617 729 654 in
749 617 861 667 figura
883 617 927 654 C.
947 617 992 653 D.
1012 617 1107 656 Tab.
1126 618 1187 654 IV.
1208 615 1423 652 delineatur.

672 698 884 735 Amal-daem
909 696 1055 746 perosa,
1082 697 1159 734 lata.
1215 695 1301 732 Pori
1319 695 1463 744 paribus
1483 694 1620 740 ternis,
1647 692 1768 731 versus
1790 692 1967 730 verticem
1987 693 2040 729 bi-

561 753 631 798 nis,
663 756 700 788 in
721 753 914 788 ordinibus
932 763 1056 800 parum
1084 751 1258 800 obliqui3‚
1290 750 1367 787 fere
1389 749 1599 786 transuerfis
1617 749 1742 798 positi:
1774 748 1873 798 iique
1906 759 2039 785 omnes

560 808 686 844 testam
705 806 910 855 perforant.
976 805 1141 855 Copiosa
1161 805 1306 854 granula
1326 804 1516 841 maiuscula
1534 815 1570 841 et
1580 804 1748 851 minima,
1778 815 1817 843 vt
1837 815 1873 842 et
1883 803 2062 842 lineolae*

560 862 749 914 impreffae
767 859 993 899 transuersae
1010 860 1081 897 hos
1098 872 1218 911 poros
1239 859 1470 897 interiacent.

674 941 763 980 Oris
782 940 966 989 decagoni
990 939 1082 978 finus
1098 953 1166 992 per
1181 940 1279 991 paria
1297 939 1358 977 sibi
1373 939 1454 977 sunt
1467 939 1582 989 magis
1601 939 1805 991 propinqui
1822 950 1858 978 et
1875 939 2043 979 latiuscu-

560 999 595 1038 li.
652 998 836 1048 Spatium,
852 997 891 1033 in
918 996 1022 1046 quod
1039 1009 1143 1036 areae
1167 996 1333 1035 minores
1356 996 1621 1045 terminantur,
1647 995 1753 1035 latius
1781 1007 1819 1034 et
1845 997 2044 1046 emargina-

559 1067 639 1094 tum
664 1055 724 1092 est.

671 1135 819 1183 Testae,
850 1147 958 1184 quam
970 1133 1149 1184 descripsi,
1165 1132 1383 1185 magnitudo
1404 1133 1585 1171 diametro
1604 1132 1806 1170 transuersa
1824 1144 1954 1183 aequat
1968 1144 2044 1172 tres

560 1204 650 1230 cum
667 1190 824 1228 dimidio
841 1190 1006 1240 digitos,
1037 1189 1231 1228 altitudine
1256 1189 1335 1228 fere
1353 1189 1459 1227 duos.
1519 1189 1610 1227 Oris
1638 1189 1817 1227 diameter
1840 1200 1914 1227 tres
1937 1190 2045 1240 digiti

561 1259 685 1299 partes
708 1247 829 1286 habet.

622 1325 893 1420 ·dPettefa&a‚
919 1325 1130 1379 specimini,
1161 1324 1266 1375 quod
1284 1323 1463 1376 descripsi,
1479 1323 1644 1376 perfecie
1672 1323 1815 1374 fimssia,
1840 1336 2062 1366 occurrunt·

559 1394 631 1435 apu

664 1473 824 1504 semum
847 1463 934 1500 Tab.
961 1464 1026 1501 XI.
1047 1463 1107 1499 No.
1126 1463 1155 1499 I.
1162 1460 1197 1511 f.
1214 1475 1245 1504 2,
1263 1472 1301 1499 et

676 1555 824 1580 WALCH.
846 1543 946 1580 delic.
975 1544 1020 1580 II.
1042 1552 1068 1590 p
1099 1553 1170 1588 177.
1193 1554 1217 1580 t.
1237 1543 1270 1580 E.
1289 1544 1316 1579 Ι.
1333 1554 1367 1584 α,
1384 1554 1407 1580 1.
1463 1541 1610 1580 Dicitur
1626 1555 1643 1580 a
1658 1553 1838 1580 wintonio
1856 1543 2048 1583 Echinites

568 1594 786 1635 orbicularis
806 1597 1036 1648 sphaericus,
1064 1598 1166 1635 cuius
1185 1599 1272 1635 testa
1292 1598 1388 1635 bene
1415 1597 1467 1634 est
1490 1598 1716 1636 conseruata.
1774 1600 1904 1636 Sutura
1929 1600 2060 1639 media,

565 1652 739 1691 vndulata
766 1653 790 1692 s.
816 1653 978 1691 flexuosa
1005 1665 1042 1690 et
1067 1652 1270 1690 ambulacra
1297 1653 1487 1691 manifeste
1511 1653 1803 1704 conspiciuntur.
1859 1654 1970 1693 Testa
1999 1646 2051 1694 est

565 1708 727 1800 clalcarea
752 1707 904 1760 spanos-a,
949 1708 1092 1747 coloris
1122 1708 1397 1758 nigroeinerei:
1437 1709 1594 1748 nucleus
1625 1710 1819 1749 calcareas.
1894 1712 1951 1750 Ex
1974 1713 2050 1751 An-

563 1775 587 1814 g
603 1775 647 1801 ia.

681 1862 745 1907 cl,
761 1876 839 1902 vm
856 1876 1026 1902 PHthviu
1043 1863 1139 1901 hanc
1162 1862 1313 1901 iconem
1338 1861 1521 1901 refert'ad
1549 1875 1697 1902 unm-111
1723 1862 1873 1901 iconem
1900 1864 1961 1902 tab
1983 1865 2048 1906 IV.

568 1918 613 1960 C.
631 1920 679 1959 D.
697 1931 851 1969 eamque
872 1921 907 1956 T
904 1920 1002 1970 oplyn
1020 1918 1061 1971 (i.
1083 1931 1114 1958 e.
1133 1919 1310 1956 verticem
1329 1918 1448 1956 versus
1473 1917 1602 1955 lineata
1627 1917 1911 1972 Echinometra)
1935 1919 2047 1960 dicit:

567 1985 667 2024 aqua
691 1985 814 2012 tamen
834 1974 960 2013 differt
976 1974 1177 2014 tuberculis
1201 1974 1319 2012 multo
1345 1974 1568 2021 maioribus,
1599 1974 1737 2011 ambitu
1761 1974 1979 2029 orbiculari,
2009 1989 2048 2016 et

568 2041 637 2069 ore
654 2029 772 2068 multo
796 2030 945 2071 minori.
1001 2032 1111 2068 Estne
1127 2042 1271 2070 κιειΝιι
1289 2029 1476 2079 exemplar
1492 2029 1612 2067 minus
1629 2029 1649 2067 s
1667 2029 1786 2067 iunius
1803 2029 1960 2070 animal?
1989 2034 2048 2071 Sa·

568 2097 640 2149 ne,
684 2085 747 2125 nisi
777 2086 855 2126 oris
885 2085 1061 2126 strucwra
1090 2097 1128 2126 et
1160 2085 1276 2137 figura
1308 2096 1583 2138 repugnarent,
1624 2085 1733 2125 huius
1763 2084 1872 2125 effern
1901 2086 2048 2128 senten·

563 2151 648 2183 uae.

1913 2281 2050 2323 Exem-
