2242 2930
559 232 616 278 98'
1187 238 1478 267 ADDH‘AMENTA

564 335 720 376 quatuor
741 324 798 363 vel
811 322 877 373 fix
896 322 1048 361 ordines
1066 323 1257 369 linearum,
1288 334 1350 360 aut
1365 322 1604 373 ρυηᾶοῐυιῃ,
1633 320 1692 359 vel
1720 320 1964 358 eminentium
1992 320 2051 358 vel

565 379 821 431 impressorum
848 379 892 417 ad
918 393 962 417 os
989 392 1106 429 vsque
1132 390 1350 426 excurrere,
1381 390 1492 428 atque
1518 377 1563 415 fic
1582 389 1723 427 corpus
1741 376 1797 414 vel
1818 377 1855 414 in
1882 387 2052 426 quatuor,

568 435 626 474 vel
643 436 680 472 in
700 436 877 486 quinque,
905 436 966 473 vel
981 435 1019 473 in
1037 435 1096 473 sex
1109 447 1207 472 areas
1220 434 1379 472 maiores
1399 433 1578 472 diuidere.
1635 434 1733 471 Nam
1753 431 1918 483 spatium,
1948 430 2055 481 quod

568 491 742 542 geminos
762 493 822 530 fibi
840 492 985 529 vicinos
1003 491 1159 529 ordines
1169 489 1389 528 lineolarum
1409 489 1466 528 vel
1483 488 1928 541 punssoruminteriacess
1956 498 2054 525 area-

565 558 648 586 rum
670 547 858 586 minorum
880 547 971 586 loco
989 548 1054 587 est.

681 658 740 697 Ad
757 659 786 709 §.
813 673 862 706 51.
886 659 1038 709 Species
1061 674 1087 696 1.
1107 659 1254 696 Conulus
1270 658 1502 707 albogalerus,
1520 657 1618 699 Tab.
1635 658 1730 696 xm.
1750 658 1793 696 A.
1811 659 1850 695 B.

357 746 555 817 {ig-yffiffflgl·
684 758 725 793 ln
757 756 883 792 museo
922 753 1083 804 Seremff
1120 753 1295 802 Principis
1325 767 1348 790 a
1383 754 1640 802 Schwarzbmg
1666 754 1888 803 Rndelsladt,
1930 766 1968 794 et
1994 754 2055 792 hic

378 828 528 869 bogalerus.
568 810 709 862 Lipsiae
725 810 763 846 in
781 809 907 846 museo
926 810 1112 848 Linckiano
1132 809 1206 846 vidi
1224 809 1331 846 huius
1363 809 1496 859 speciei
1513 808 1690 859 exempla.

358 871 555 900 T.xu1.A.B
689 885 812 932 Testae
833 885 944 923 color
963 885 1014 922 est
1031 884 1155 922 albido
1175 886 1329 922 cinereo
1346 884 1559 931 flauescenS‚
1587 884 1778 923 substantia
1796 885 1964 924 calcareo
1982 886 2058 938 spa-

571 942 662 990 tosa,
690 953 864 979 cretaceo
884 942 1020 979 nucleo
1041 941 1194 990 repleta.
1254 940 1426 978 Ambitus
1446 939 1613 977 eiusdem
1631 952 1710 977 non
1728 940 1892 990 perfecie
1907 942 2059 979 circula-

572 999 621 1037 ris
641 999 705 1045 est,
730 997 789 1034 sed
808 998 845 1034 in
867 1010 1018 1035 ouatum
1037 998 1122 1036 abit.
1178 998 1210 1034 A
1221 997 1361 1035 vertice
1378 996 1423 1033 ad
1441 996 1537 1034 basin
1554 1008 1602 1033 eo
1618 995 1656 1032 in
1673 995 1799 1042 latere,
1817 996 1877 1033 vbi
1895 1009 1985 1034 anus
2002 1009 2058 1034 re·

571 1055 724 1106 peritur,
746 1054 838 1092 linea
857 1054 1039 1101 eminens,
1064 1053 1123 1091 seu
1149 1053 1271 1091 carina
1298 1051 1512 1099 descendit,
1540 1052 1855 1102 quemadmodum
1879 1053 1916 1090 in
1943 1054 2062 1092 Galeis

572 1123 711 1149 nemu
731 1109 938 1147 euidentius
956 1121 1119 1160 apparet.

686 1188 830 1223 vertex
849 1185 1042 1223 Echinitae
1063 1186 1101 1222 in
1117 1185 1378 1236 speciminibus
1398 1184 1490 1223 meis
1508 1185 1597 1222 testa
1615 1182 1752 1223 clausus
1764 1196 1801 1223 et
1816 1185 2061 1226 foraminibus

574 1242 783 1280 minoribus
805 1241 982 1291 quinque,
1010 1241 1049 1278 in
1071 1254 1233 1278 arearum
1260 1242 1446 1279 minorum
1465 1242 1569 1290 apice
1586 1240 1727 1291 politiS,
1755 1242 1968 1291 perforatus
1999 1245 2060 1282 est.

573 1299 688 1335 Forte
715 1298 827 1347 igitur
857 1297 896 1334 in
924 1296 1138 1348 specimine,
1165 1310 1183 1334 a
1209 1310 1366 1336 meNJo
1390 1296 1592 1345 delimato,
1619 1296 1772 1334 verticis
1803 1298 1892 1335 testa
1915 1299 2060 1348 perdita

568 1353 699 1393 fuerat.
1668 1363 1670 1366 ’

693 1433 808 1468 Areae
832 1429 986 1476 decem,
1016 1442 1168 1479 quarum
1196 1429 1360 1478 quinque
1384 1431 1535 1468 maiores
1559 1429 1675 1467 sutura
1700 1429 1830 1467 serrata
1854 1430 2065 1480 nediuntuss

578 1485 762 1536 lineisque
782 1485 994 1522 transuersis
1013 1485 1050 1521 in
1069 1484 1190 1522 aflulas
1210 1485 1436 1524 diuiduntur!
1496 1487 1643 1522 Omnes
1662 1485 1885 1522 areaedense
1904 1487 2067 1527 minimis

578 1542 779 1581 tuberculis
800 1541 888 1578 albis
908 1541 1123 1578 obsidentur
1137 1552 1175 1578 et
1188 1541 1226 1578 in
1245 1541 1312 1578 basi
1340 1541 1489 1591 quidem
1508 1541 1732 1579 euidentius.

691 1622 903 1660 Amlmlacra
920 1620 1051 1658 decem
1061 1620 1255 1670 biporos23
1284 1621 1369 1671 pori
1387 1622 1495 1659 tediis
1515 1621 1675 1659 seriebus
1691 1621 1920 1661 adscendunt
1930 1634 1967 1662 et
1976 1637 2063 1676 pro-

577 1677 677 1715 xime
695 1678 757 1714 fibi
775 1677 930 1727 appositi
947 1676 1046 1717 sunt;
1075 1676 1114 1713 in
1128 1676 1186 1713 his
1204 1677 1385 1715 Echinitis
1407 1690 1506 1716 creta
1523 1677 1604 1715 sunt
1627 1678 1802 1721 obturati.

694 1755 744 1791 Os
766 1752 973 1790 orbiculare
998 1764 1173 1802 paruum,
1201 1753 1373 1790 nonnihil
1393 1747 1604 1793 immam.
1661 1756 1762 1792 Anus
1784 1767 1930 1801 ouatus,
1956 1768 2067 1809 atque

579 1810 691 1848 testae
707 1820 835 1859 margo
861 1808 958 1846 circa
977 1807 1137 1846 eundem
1153 1807 1366 1846 fornicatim
1385 1822 1582 1847 conuexus
1599 1810 1665 1850 est.

697 1902 870 1929 κιειΝινς
890 1888 1040 1939 quidem
1060 1888 1226 1938 quinque
1242 1889 1350 1926 series
1371 1889 1573 1940 duplicatas
1590 1901 1628 1928 et
1644 1889 1834 1941 punfiatas
1853 1902 1994 1932 tantum
2012 1895 2068 1934 in-

584 1946 696 1994 dicat,
725 1946 787 1984 sed
805 1958 851 1983 ex
868 1946 981 1983 icone
999 1956 1112 1995 patet,
1143 1944 1256 1995 ipsum
1275 1944 1351 1982 duo
1369 1945 1572 1987 ambulacra
1595 1958 1767 1996 tanquam
1796 1960 1906 1986 vnum
1932 1949 2068 1989 deseri-

584 2002 695 2052 pfiffe,
726 2014 809 2040 cum
827 2012 950 2039 tamen
971 2000 1101 2050 fingula
1112 2000 1221 2038 series
1243 2001 1389 2038 duobus
1409 2001 1511 2051 poris
1524 2001 1653 2040 vicinis
1664 2002 1823 2051 constet,
1850 2016 1960 2057 atque
1976 2007 2070 2048 ideo

583 2058 692 2097 huius
703 2058 903 2112 *Echinitae
927 2055 1099 2095 struftura
1117 2069 1200 2096 cum
1219 2057 1368 2108 reliquis
1385 2058 1534 2108 egregie
1552 2059 1767 2098 conueniat.

1936 2258 2070 2299 Caete-
