2242 2930
808 265 1124 296 PRAEFA‘NQ
1654 262 1697 306 V

201 347 329 390 nullas
347 358 458 385 srma
477 348 612 387 icones
636 348 824 403 excipias.
885 348 1111 405 Descriptio
1130 350 1304 406 denique
1316 351 1513 397 Lectores
1534 356 1584 398 de
1607 358 1689 413 ipso

202 401 464 457 disquirendo
482 415 656 458 corpore
673 404 912 446 certiffimos
936 405 1082 447 reddat
1105 406 1257 448 necesse
1282 409 1351 449 est.
1410 411 1549 466 Atque
1594 426 1690 455 cum

199 459 339 514 plures
360 458 571 511 optassent,
594 460 732 500 icones
753 463 852 502 viuis
871 461 1076 502 coloribus
1093 462 1299 517 illustrari,
1321 463 1414 506 huic
1436 479 1602 522 quoque
1621 482 1691 508 vo-

201 525 245 554 to
265 513 395 553 facere
411 511 500 554 satis
517 514 664 565 studui,
698 528 820 572 atque
838 530 920 557 non
943 516 1071 557 solum
1093 517 1303 573 specimina
1318 521 1458 574 plura,
1485 536 1535 562 ex
1553 522 1691 565 diffitis

200 568 312 623 saepe
329 568 428 609 locis
448 569 546 610 mihi
568 569 742 626 benigne
763 574 1083 622 communicata,
1115 573 1287 628 collegi,
1312 590 1564 632 operamque
1587 578 1692 630 dedi,

200 634 270 670 vt,
293 623 359 665 vbi
377 637 480 679 opus
500 637 610 680 erat,
639 641 684 668 ea
701 626 912 682 specimina
930 627 1180 679 obtinerem,
1212 643 1391 685 quorum
1418 647 1587 673 xmmvs
1612 636 1695 675 ico-

203 694 274 722 nes
300 679 432 728 dedit,
461 695 605 723 verum
633 685 751 724 etiam
773 715 783 733 ‚
835 695 880 726 vt
904 683 1124 737 diligenter
1149 695 1190 725 et
1222 696 1388 728 naturae
1406 691 1695 731 conuenienter

203 739 485 792 pingerentur,
502 737 638 779 scdulo
658 743 804 781 curaui.
894 739 1029 797 Qam
1050 739 1211 804 quidem
1232 743 1270 782 in
1289 753 1375 783 arte
1395 744 1586 797 pingendi
1607 744 1696 786 dili-

204 795 387 846 gentiam
412 803 453 833 et
477 807 644 848 operam
667 795 832 836 artificis
857 794 1070 849 dignissimi
1099 810 1276 845 εΑΡιΕνκ,
1314 799 1351 838 in
1378 798 1562 849 Echinis‚
1598 814 1696 854 pro-

204 859 299 903 pter
315 846 620 890 tuberculurum
634 852 792 904 copiam
813 863 852 892 et
869 851 1052 891 colorum
1072 850 1312 894 singularem
1325 856 1578 907 mixtionem,
1593 855 1696 896 diffi-

206 904 326 945 cilem
344 914 385 944 et
402 907 577 945 maxime
594 904 843 958 laboriosam,
856 919 950 947 cum
965 898 1330 962 laude‘adhibitam,
1358 911 1645 952 commendare
1656 922 1697 953 et

209 959 415 1002 celebrare
438 961 610 1016 possum.

321 1071 398 1112 His
407 1101 422 1125 ,
452 1085 554 1128 quae
571 1075 771 1129 praestare
788 1074 920 1116 studui
934 1108 945 1127 ‚
977 1076 1187 1117 enarratis:
1214 1076 1384 1132 rogandi
1407 1080 1528 1120 etiam
1545 1076 1702 1120 Lesto-

210 1141 275 1169 res
295 1125 395 1178 sunt,
424 1140 468 1169 vt
487 1132 643 1171 veniam
662 1131 758 1171 dent
769 1144 956 1171 errorum
967 1131 1236 1181 quorundam,
1266 1145 1307 1172 et
1325 1134 1530 1184 monendi,
1559 1145 1701 1175 vteos-

212 1183 308 1225 dem
332 1197 380 1225 ex
411 1185 456 1224 iis
466 1213 482 1236 ,
509 1198 613 1238 quae
637 1188 676 1225 in
702 1188 949 1236 A'ztpplenaemis
975 1197 1016 1226 et
1041 1189 1268 1235 Corrigendis
1290 1188 1481 1239 indicaui,
1523 1188 1701 1245 benigne

213 1237 429 1280 emendare
446 1239 580 1281 velint.
638 1243 678 1280 ln
696 1252 805 1281 tanta
824 1243 929 1281 enim
940 1240 1251 1296 deleriptionum
1263 1252 1305 1282 et
1320 1245 1484 1285 iconum
1502 1244 1703 1288 bonarum

213 1296 362 1350 inopia,
385 1305 426 1335 et
443 1297 614 1336 maxima
633 1298 814 1337 omnium
832 1298 1158 1354 synonymorum
1176 1298 1433 1352 contusione,
1460 1304 1705 1356 euitarepri-

213 1354 330 1394 mum
345 1363 427 1391 non
445 1361 646 1406 poteram,
674 1353 773 1409 quin
795 1353 927 1407 ipsein
954 1366 1137 1394 errorem
1156 1365 1448 1410 nonnunquam
1482 1356 1705 1399 seduceret.

216 1409 356 1462 Inopia
376 1405 520 1448 deinde
535 1406 749 1459 librorum,
778 1421 955 1462 quorum
973 1407 1194 1449 nonnullos
1213 1411 1329 1450 nimis
1347 1411 1432 1452 iero
1452 1412 1625 1462 obtinui,
1648 1414 1706 1454 fe-

218 1466 292 1514 cit,
322 1473 366 1504 vt
397 1462 619 1519 synonyma
655 1463 845 1504 nonnulla
874 1465 912 1503 in
943 1463 1242 1517 Supplementis
1283 1465 1449 1508 demum
1497 1468 1705 1509 adderem.

221 1517 344 1576 Quod
362 1518 549 1559 incessum
565 1518 802 1559 echinorum
823 1519 981 1566 attinet,
1000 1519 1144 1567 fateor,
1172 1522 1471 1562 meetiamnum
1486 1522 1656 1565 dubium
1667 1535 1708 1564 et

219 1578 420 1617 incertum
436 1573 730 1629 aliquantulum
748 1572 841 1614 effe:
868 1573 939 1614 etsi
949 1576 1057 1614 enim
1067 1573 1341 1615 recentissimis
1358 1590 1509 1628 mmet,
1521 1592 1559 1616 o.
1571 1594 1601 1617 r.
1613 1584 1707 1618 mut-

223 1645 322 1677 um,
353 1639 394 1668 et
412 1644 488 1668 vAN
511 1643 679 1668 PHEstm
704 1628 1051 1670 obseruationibus
1074 1630 1290 1671 maximam
1317 1630 1442 1672 fidem
1469 1631 1625 1674 tribuo:
1654 1644 1710 1674 ta-

223 1698 319 1729 men
336 1686 454 1726 etiam
471 1684 772 1725 Reaumurianis
788 1695 829 1725 et
844 1684 1076 1726 Basterianis
1094 1697 1258 1724 omnem
1274 1684 1395 1727 fidem
1415 1686 1620 1742 denegare
1642 1702 1712 1729 ne-

226 1754 348 1798 queo,
431 1739 739 1780 Excusationern
768 1743 905 1795 itaque
921 1739 1061 1794 spero,
1092 1739 1204 1796 quod
1222 1755 1439 1781 REAVMvmo
1458 1746 1636 1796 primum
1655 1744 1713 1785 so-

226 1798 313 1839 lum
330 1794 495 1836 credidi.
552 1794 726 1835 Errores
743 1795 1092 1850 typographicos,
1119 1806 1318 1850 quantum
1342 1797 1404 1838 vel
1428 1798 1713 1848 laboraverim,

228 1849 743 1905 incuriatypograpborum
756 1851 995 1900 commistos,
1015 1864 1135 1892 nemo
1147 1850 1462 1895 mibiadscribat.
1489 1855 1713 1911 Sidenique

230 1918 373 1949 contra
381 1904 602 1947 Aufi'torum
611 1905 916 1955 nonnullorum,
938 1906 1152 1963 quosipsbs
1162 1906 1257 1947 mibi
1269 1910 1419 1950 amicos
1430 1912 1500 1951 effe
1513 1912 1588 1952 scio
1601 1923 1718 1953 etve-

231 1964 447 2006 henlenter
457 1973 570 2016 opto,
583 1963 792 2016 opiniones
809 1962 903 2009 dixi,
925 1964 963 2004 id
974 1975 1055 2004 non
1065 1962 1156 2013 litis,
1170 1961 1231 2004 sed
1243 1965 1418 2005 veritatis
1430 1966 1553 2008 caussa
1565 1966 1718 2007 fafitum

234 2021 308 2074 est,
336 2029 378 2058 vt
392 2028 556 2059 naturae
576 2018 756 2073 cognitio
774 2017 866 2060 inde
882 2028 1104 2075 augeretur
1123 2029 1165 2060 et
1181 2021 1328 2061 certior
1353 2019 1483 2062 fieret.
1573 2021 1655 2064 Sub
1675 2020 1720 2062 fi-

233 2089 328 2119 nem
348 2074 413 2115 hic
430 2073 635 2114 confilium
661 2072 767 2114 Clmi
796 2089 873 2114 vm
889 2085 1078 2123 memma,
1110 2088 1194 2126 quo
1215 2074 1375 2122 historia
1395 2077 1722 2119 Ecssxinorumnatu-

235 2133 325 2173 ralis
340 2131 1028 2192 maximumincrementumcapere
1042 2128 1175 2189 poilit,
1200 2143 1404 2187 repetam:
1434 2131 1584 2176 Suadet
1607 2147 1724 2174 nem-

1663 2201 1722 2244 pe
