2242 2930
497 215 550 241 An
577 214 720 242 nemu
757 211 1057 240 mseosrrloussm
1084 214 1461 242 ECHRNODERMATVM.
1648 211 1723 250 139

229 299 355 348 venio,
376 312 463 337 cum
481 298 609 349 figura,
632 297 803 336 struaura
822 297 976 346 ass‘ulata,
1007 298 1225 344 ambulacra,
1256 310 1330 336 etc.
1360 299 1599 336 conueniant.
1658 301 1723 337 Su-

227 358 356 408 perior
372 355 477 392 liuius
500 353 737 391 Echinodisci
755 366 838 404 pars
856 353 1048 392 fidorsum
1076 355 1210 391 colore
1236 354 1391 391 cinereo
1418 354 1514 391 flauo
1545 354 1722 392 dilutiore

227 413 379 449 tinstum
400 410 462 447 est.
521 410 561 446 In
579 409 646 446 basi
663 424 700 447 os
715 408 842 447 hocin
858 409 1063 459 specimine
1073 409 1226 447 fracffum
1246 410 1311 456 est,
1343 420 1383 447 vt
1399 409 1556 446 interior
1572 410 1722 448 struem-

226 481 262 505 ra
281 477 433 516 pateret.
491 466 594 502 Anus
611 465 798 502 circularis
812 494 823 512 ,
853 465 892 502 in
914 466 1058 505 vertice
1078 466 1209 502 decem
1236 464 1321 516 pori
1337 493 1347 511 ,
1377 476 1536 513 quorum
1557 465 1720 514 quinque

224 523 402 567 minores,
434 533 532 570 quos
553 533 738 558 Rvmafflvs
757 533 838 558 non
857 522 992 572 pinxit.
1052 523 1152 569 Pars,
1181 521 1278 560 inter
1294 519 1468 558 incisuras
1484 519 1613 571 polita,
1638 533 1717 558 non

222 577 455 627 prominens,
474 577 653 627 ‘margine
670 577 816 615 sinuata.
1207 581 1214 587 '

287 652 294 656 ’
332 656 457 695 Simile
472 657 633 695 omnino
649 656 756 694 huius
776 657 911 708 speciei
936 658 1126 709 exemplar
1147 657 1330 709 reperitur
1349 656 1411 694 hie
1428 656 1566 709 Lipfiae
1583 657 1620 695 in
1637 669 1717 694 mu-

220 711 283 750 seo
300 712 537 759 Richteriano,
566 725 613 751 ex
635 726 711 763 quo
723 712 823 751 idem
840 713 952 752 serius
969 715 1287 752 communicatum
1299 713 1440 763 accepi,
1471 726 1579 763 quam
1600 725 1638 750 vt
1649 726 1718 762 po-

217 767 360 806 tuissem
380 769 456 806 eius
473 769 623 806 iconem
641 769 852 818 adiungere.
897 771 1047 819 Itaque,
1074 783 1160 807 cum
1179 768 1394 807 sssssAnieon
1412 769 1572 806 omnino
1592 769 1714 808 eidem

218 824 457 875 respondeat,
468 824 513 862 ad
524 824 814 876 descriptionem
824 824 918 862 haec
926 836 1068 862 tanturn
1080 825 1223 862 addam.
1238 825 1297 862 Os
1308 824 1527 870 orbiculare,
1541 823 1715 863 leuiffime

217 879 417 928 firmatum,
443 893 489 918 ex
508 893 585 929 quo
604 881 770 929 quinque
788 875 878 917 radii
895 880 1064 918 stellatim
1091 891 1297 918 excurrunt
1310 908 1321 926 ,
1355 880 1416 928 qui
1440 880 1580 918 deinde
1604 881 1642 917 in
1657 881 1713 918 di-

219 935 428 974 chotomos
445 936 568 973 sulcos
588 948 655 986 per
672 948 825 973 omnem
846 935 973 973 baseos
998 936 1228 986 superficiem
1246 935 1520 986 expanduntur,
1544 936 1643 974 simili
1660 938 1713 976 fe-

219 1003 261 1028 re
287 992 419 1039 modo,
443 1005 520 1042 quo
542 992 580 1029 in
600 991 720 1041 specie
745 991 851 1029 tertia
884 992 1090 1040 Echinodisci
1117 993 1202 1030 Tab.
1233 994 1270 1030 [,.
1288 991 1323 1042 f
1347 1006 1405 1038 4.;
1433 992 1534 1029 Radii
1560 1004 1597 1030 et
1622 993 1710 1032 sulci

217 1047 504 1097 profundiores,
541 1048 602 1096 qui
623 1060 669 1084 ex
693 1047 815 1093 radiis,
845 1047 972 1085 furcae
991 1048 1111 1095 instar,
1142 1048 1325 1096 oriuntur,
1342 1048 1481 1099 duplici
1492 1046 1580 1085 serie
1594 1062 1710 1099 poro-

218 1115 300 1139 rum
327 1102 644 1141 minutiffirnorum
670 1102 966 1151 pertunduntur:
994 1105 1035 1140 ln
1059 1117 1127 1141 ore
1151 1103 1317 1153 quinque
1340 1103 1471 1141 dentes
1498 1105 1596 1141 acuti
1622 1105 1708 1144 hae-

219 1170 316 1196 rent.
376 1160 478 1195 Anus
497 1158 644 1209 pollicis
663 1159 856 1196 latitudine
873 1160 915 1196 ab
935 1159 1073 1196 ambitu
1092 1159 1210 1206 distat,
1239 1159 1391 1209 inparte
1407 1159 1477 1205 illa,
1509 1172 1602 1208 quae
1619 1161 1711 1199 inci-

218 1213 306 1250 suris
325 1214 376 1250 est
394 1213 564 1263 separata,
594 1213 677 1251 litus
696 1215 759 1260 est,
782 1225 820 1251 et
838 1226 955 1264 paruo
981 1214 1249 1263 subtetragono
1268 1225 1370 1264 patet
1390 1215 1708 1267 foramine,qu0d

218 1269 340 1306 areola
357 1268 524 1319 imprefi'a
543 1269 736 1318 cingitur(
776 1271 817 1307 In
843 1269 1273 1321 verticepentagonum,
1303 1268 1440 1307 stellam
1472 1270 1642 1320 imitans,
1666 1274 1705 1311 in

215 1324 320 1362 cuius
337 1324 476 1375 angulis
499 1324 664 1375 quinque
686 1325 886 1363 foramina.-
915 1325 1134 1373 ambulacra,
1165 1337 1206 1363 vt
1223 1325 1260 1363 in
1281 1326 1572 1375 congeneribuS,
1600 1329 1706 1379 apice

217 1379 439 1431 subintegra‚
458 1379 480 1419 s.
501 1381 742 1418 interioribus
752 1382 855 1431 poris
865 1382 970 1430 apice
984 1381 1131 1429 vicinis,
1143 1381 1236 1418 striis
1247 1394 1368 1419 autem
1381 1382 1533 1431 oblique
1544 1387 1701 1432 patenti‹

216 1437 299 1484 bus,
329 1448 368 1474 vt
384 1438 451 1474 hac
475 1438 620 1474 ratione
640 1436 862 1485 emarginata
880 1436 955 1472 dici
971 1448 1194 1473 mereantur.
1254 1437 1415 1487 Spatium
1434 1437 1477 1474 ab
1487 1439 1702 1480 ambulacris

218 1491 419 1538 inclusum,
449 1491 542 1529 linea
560 1491 655 1528 redi-a
673 1489 847 1537 diuisum,
878 1502 915 1527 et
933 1491 1070 1540 reliqua
1095 1491 1207 1528 testae
1231 1491 1422 1542 superficie
1448 1494 1562 1542 magis
1585 1495 1702 1535 eleua-

219 1556 309 1583 tum.
369 1546 507 1583 Assulae
521 1547 632 1584 testae
649 1547 866 1595 hexagonae
883 1546 1045 1595 quidem,
1077 1559 1112 1583 at
1127 1546 1358 1596 irregulares,
1386 1547 1443 1584 vel
1461 1548 1566 1586 lineis
1579 1552 1700 1600 restis,

219 1602 416 1650 velue-umis
436 1602 694 1649 cohaerentes,
722 1602 778 1639 vel
794 1601 958 1648 latiores,
987 1601 1044 1639 vel
1061 1602 1265 1641 breuiores.
1324 1603 1495 1641 Colorin
1511 1604 1701 1655 superiore

218 1669 323 1707 parte
338 1657 546 1695 rufescente
562 1657 744 1703 cinereus,
773 1657 810 1694 in
828 1657 894 1694 bafi
913 1669 1031 1694 autem
1051 1657 1223 1695 violaceo
1242 1659 1364 1701 ruber,
1437 1659 1603 1697 Minimis
1619 1675 1699 1711 gra-

220 1714 334 1760 nulis,
365 1725 524 1762 quorum
542 1714 733 1751 innumera
749 1713 849 1750 adest
871 1713 1002 1763 copia,
1031 1713 1204 1750 minimae
1221 1713 1381 1764 spinulae
1402 1716 1424 1753 s.
1448 1715 1543 1753 letae
1572 1717 1697 1758 inhae-

211 1779 313 1814 renr,
344 1780 452 1818 atque
470 1769 561 1806 haec
579 1768 726 1819 granula
742 1768 874 1806 iterum
892 1769 1098 1806 minoribus
1116 1769 1236 1806 einch
1250 1769 1343 1816 sunt,
1372 1771 1503 1821 quibus
1523 1772 1630 1810 etiam
1643 1776 1696 1824 pi-

217 1825 241 1862 li
261 1824 437 1871 insident,
469 1825 572 1874 quod
589 1825 739 1874 quidem
755 1824 865 1862 nudis
892 1825 1012 1861 oculis
1043 1837 1123 1862 non
1149 1825 1410 1874 cognoscitur,
1439 1827 1693 1879 microscopio

217 1879 365 1930 simplici
384 1892 504 1918 autem
520 1880 627 1918 facile
643 1891 802 1931 apparet.
888 1881 1075 1918 Numerus
1095 1881 1331 1930 granulorum
1356 1882 1534 1919 maiorum
1561 1884 1598 1920 in
1615 1895 1696 1924 tota

217 1935 454 1974 Echinodisci
473 1936 574 1982 testa,
607 1940 738 1981 36000
760 1947 861 1975 certe
881 1935 1043 1987 superat3
1072 1935 1202 1986 quodli
1219 1936 1338 1975 saltem
1372 1937 1608 1987 granulorum
1629 1942 1695 1979 mi-

221 2003 357 2028 norum
379 1991 619 2043 quadruplum
636 1991 797 2041 assumas,
826 2004 985 2043 quorum
1006 2004 1128 2030 tamen
1149 2004 1251 2030 certe
1281 1993 1381 2043 plura
1406 1994 1552 2031 adsunt:
1582 1995 1694 2035 habe-

220 2047 277 2084 bis
305 2059 476 2096 144000.
531 2048 601 2087 His
619 2048 714 2086 adde
731 2061 850 2099 poros
869 2048 1107 2095 innumeros,
1133 2047 1171 2084 in
1192 2048 1261 2085 basi
1280 2060 1316 2085 et
1332 2049 1547 2087 ambulacris
1566 2050 1694 2102 dispo-

211 2101 322 2150 sitos,
354 2115 420 2154 per
436 2115 531 2154 quos
548 2103 733 2144 ientacula
749 2103 890 2155 egredi,
920 2116 959 2142 vt
975 2104 1013 2140 in
1029 2105 1166 2142 Cidaris
1186 2103 1387 2156 speciebus,
1419 2118 1508 2143 vero
1526 2106 1637 2144 simile
1648 2109 1697 2145 vi-

604 2183 607 2186 ⁴
937 2160 960 2197 S
993 2172 1018 2200 2
1638 2164 1700 2201 de·
