2242 2930
393 236 442 261 Αῐ)
470 233 611 261 mensu
644 228 947 258 DlSPoslTloNEM
993 229 1375 258 ECHINODERMATVM.
1607 235 1658 269 97

164 317 275 366 versa,
307 317 524 363 conuenire,
554 314 659 365 quod
680 313 768 361 sola,
798 313 820 351 si
838 313 976 363 reliqua
995 313 1162 363 negligas
1188 313 1296 363 ligna,
1327 313 1442 363 figura
1473 316 1600 356 docet,

277 396 380 431 Vero
399 393 480 430 sane
497 391 587 428 mihi
604 390 715 428 fimile
737 389 883 427 videtur
897 389 1076 428 Echiniten
1093 403 1255 439 magnum
1280 402 1443 429 ALnitov.
1462 394 1549 433 mus,
1570 407 1648 433 me-

164 450 238 487 tall.
256 463 292 500 p.
311 453 403 496 456.
418 447 499 484 vhoc
532 460 615 484 cum
645 447 775 483 nostro
802 446 953 496 Clypeo
972 446 1168 483 conoideo
1186 444 1403 484 conuenire.
1462 448 1558 484 Nam
1570 449 1642 486 for-

165 517 233 550 ma,
263 504 555 541 ambulacrorum
576 502 779 552 dispositio,
810 513 848 539 et
864 503 1005 549 baseos,
1037 502 1191 551 orisque
1207 500 1392 547 striitfmra,
1423 502 1475 539 vti
1492 515 1644 552 quoque

165 573 325 597 arearum
345 570 468 597 natura
481 559 625 598 nostrae
637 558 767 609 speciei
780 559 939 596 omnino
958 557 1200 609 respondent.
1260 556 1330 594 Etsi
1344 557 1547 595 ambulacra
1565 571 1646 596 non

165 616 233 653 fint
249 616 287 652 in
306 615 432 653 medio
451 615 518 652 lata
544 614 638 661 satis,
665 627 788 664 neque
804 615 842 652 in
863 615 994 652 nostro
1013 613 1213 665 specimine
1241 613 1286 650 ad
1310 625 1355 650 os
1378 626 1496 663 vsque
1511 625 1646 652 exten-

165 671 310 709 dantur.
371 671 584 721 Descriptio
608 671 651 708 ab
668 684 933 710 ALDROVANDO
952 671 1032 708 data
1052 670 1143 707 nihil
1162 680 1294 708 notatu
1312 669 1414 720 digni
1440 669 1560 708 habet.

275 741 417 765 DAvstA
436 727 539 766 catal.
563 729 629 765 III.
642 737 675 777 p.
696 736 759 770 15³2.
778 741 812 765 n.
827 741 893 772 225.
921 727 1076 764 Echmite
1090 727 1136 764 du
1151 739 1262 775 genre
1297 727 1356 764 des
1373 727 1572 765 Bouclicrs:
1602 738 1648 764 ex

163 783 320 834 regione
338 783 492 821 Dacenli
518 781 576 830 <cle
591 782 706 837 Dax).

668 880 702 917 C
732 880 765 917 L
795 880 826 916 A
855 879 877 916 S
910 878 932 915 S
959 880 971 916 l
1004 881 1025 917 S
1082 879 1147 921 ΙΙ,

166 936 374 988 Catocysti‚
409 937 570 975 szmn.
636 936 768 974 Echini
802 935 1038 984 irregulares,
1078 945 1245 985 apertura
1271 935 1330 972 ani
1355 935 1477 974 subtus
1509 936 1563 974 vti
1591 948 1650 984 os,

505 1006 612 1032 MNN.
668 992 913 1041 Grondaarstn
932 991 1026 1040 Belg.
1046 1004 1121 1029 vAN
1139 1003 1317 1028 pansum.

326 1070 449 1109 Seciio
470 1084 496 1109 1.
514 1070 646 1108 Fibula.
704 1068 825 1119 Belgis
849 1069 1019 1117 Knoopen.
1047 1066 1143 1104 Gall.
1161 1066 1303 1112 Ourlins
1320 1068 1481 1106 Boutons.

280 1147 413 1185 Genus
440 1161 470 1184 1.
502 1147 661 1185 Conulus.
688 1145 788 1195 Belg.
806 1143 975 1194 Kegeltje.
999 1143 1254 1185 G211.O.B‚em
1269 1142 1384 1191 forme
1401 1145 1656 1194 depetitcones.

276 1236 335 1272 Ad
364 1236 396 1284 ξ.
429 1249 496 1285 49.
527 1246 565 1272 et
597 1249 659 1281 50.

279 1292 437 1329 Plurima
455 1292 537 1329 sane
554 1302 592 1328 et
608 1288 894 1340 frequentiffima
911 1288 993 1327 sunt
1013 1287 1212 1339 specimina
1230 1287 1337 1326 huius
1356 1284 1516 1339 generis,
1543 1298 1655 1338 atque

167 1345 356 1385 indiuidua
375 1348 469 1385 adeo
490 1347 527 1385 in
546 1346 737 1385 nonnullis
755 1346 917 1396 partibus
935 1357 972 1383 et
997 1345 1104 1395 lignis
1121 1344 1272 1392 variant,
1298 1355 1338 1382 vt
1365 1344 1443 1382 fere
1461 1355 1522 1382 tot
1541 1345 1655 1382 varie-

168 1414 263 1441 tates
294 1405 523 1441 constituere
556 1415 689 1453 queas,
734 1414 829 1452 quot
857 1402 968 1438 habes
994 1400 1196 1438 indiuidua.
1257 1401 1374 1437 Satius
1402 1400 1526 1450 itaque
1552 1400 1655 1446 duxi,

169 1472 256 1496 cum
270 1458 342 1509 ipsa
361 1461 453 1497 haec
471 1471 634 1509 corpora
650 1458 731 1496 satis
757 1457 825 1494 lint
849 1456 1015 1505 cognita,
1045 1467 1181 1505 paucas
1206 1456 1398 1492 varietates
1427 1455 1488 1491 hic
1520 1455 1655 1493 descri-

169 1516 272 1561 bere,
295 1527 333 1551 et
351 1515 546 1564 pauciores
567 1514 705 1563 species
724 1512 964 1550 constituere.
1025 1513 1122 1549 Nam
1146 1522 1228 1547 non
1253 1510 1369 1547 solum
1398 1509 1653 1548 difficillimum

170 1570 223 1607 est
238 1582 276 1607 ct
291 1570 419 1607 inutile
435 1582 482 1608 ex
500 1569 648 1606 lubricis
666 1568 775 1618 signis
794 1567 990 1619 specificos
1019 1565 1247 1605 charaeteres
1257 1567 1496 1611 constituere,
1524 1566 1585 1603 sed
1602 1578 1656 1604 et·

169 1626 240 1663 iam
257 1626 367 1663 nimia
387 1624 589 1675 specierum
609 1624 730 1675 copia,
762 1623 910 1673 quaein
928 1622 1138 1674 petrefaffis
1156 1623 1261 1672 saepe
1286 1634 1389 1659 certe
1415 1621 1561 1658 definiri
1589 1634 1652 1659 ne-

171 1693 326 1730 queunt,
356 1693 440 1718 cum
459 1679 575 1718 desint
591 1691 712 1730 partes
739 1679 940 1717 effentiales
956 1678 1178 1725 animalium,
1199 1677 1238 1715 in
1262 1689 1408 1716 errores
1428 1689 1500 1716 nos
1529 1676 1654 1726 ducit,

169 1738 402 1787 studiumque
418 1737 552 1774 horum
570 1748 774 1787 corporum
794 1734 997 1772 taediosum
1013 1734 1149 1777 reddit.

284 1813 397 1852 Multa
416 1813 463 1850 de
478 1811 679 1859 Bufonitis,
707 1823 822 1861 eaque
846 1811 1021 1861 pleraque
1044 1810 1139 1859 falsa,
1168 1824 1200 1849 e.
1230 1824 1264 1862 g.
1293 1810 1397 1861 quod
1423 1809 1489 1849 lint
1511 1809 1652 1862 lapides

175 1870 378 1918 Bufonurn,
399 1870 494 1921 apud
513 1880 656 1907 veteres
676 1878 714 1905 et
737 1867 782 1905 fic
797 1868 905 1906 etiam
929 1868 967 1905 in
993 1868 1117 1905 museo
1145 1867 1354 1905 Calceolar.
1379 1881 1413 1919 p.
1438 1870 1654 1914 361-2368·

168 1930 352 1979 leguntur,
382 1926 442 1964 sed
461 1925 556 1964 nulla
576 1925 674 1962 bona
691 1935 821 1962 eorum
838 1923 887 1961 ibi
907 1924 1013 1961 datur
1032 1923 1247 1974 descriptio.
1309 1924 1368 1961 Sic
1380 1924 1488 1961 etiam
1505 1923 1655 1973 quibus-

171 1985 254 2023 dam
270 1983 491 2021 Aucloribus
511 1980 687 2032 quaedam
705 1993 867 2030 corpora
886 1980 1083 2030 petrefacia
1105 1980 1292 2029 Bufhnitae
1308 1980 1464 2017 nomine
1483 1979 1652 2025 veniunt,

172 2053 265 2090 quae
280 2038 472 2077 Echinitae
486 2050 568 2076 non
583 2037 676 2085 sunt,
707 2036 1024 2087 quemadmodum
1045 2049 1098 2084 ea,
1131 2049 1225 2086 quae
1243 2049 1262 2074 a
1279 2048 1423 2074 norro
1435 2045 1472 2085 p.
1490 2034 1601 2086 129.f.
1617 2043 1651 2080 8.

170 2096 360 2135 habentur.

284 2169 343 2208 Ad
375 2169 663 2220 descriptionem
697 2170 907 2221 genericam
936 2183 1080 2209 xpm-un
1099 2169 1312 2207 addendum
1336 2169 1399 2216 est,
1430 2181 1510 2207 non
1534 2168 1650 2206 solum

171 2229 336 2281 quinque
352 2226 559 2277 geminatos
581 2227 735 2266 ordines
750 2226 945 2273 linearum,
975 2226 1035 2264 sed
1062 2226 1100 2264 in
1119 2226 1308 2265 nonnullis
1333 2225 1521 2277 speciebus
1542 2224 1649 2261 etiam

922 2284 962 2320 N
1569 2291 1656 2329 qua-
