2242 2930
540 249 567 291 4
1084 220 1474 268 'ADmTAMtNTA

659 331 766 370 Haec
792 339 1060 368 nuvrwnxt
1092 325 1303 373 obseruata,
1333 323 1534 375 diligenter
1556 322 1740 371 instituta,
1769 320 1944 361 videntur
1969 333 2054 360 mo-

546 401 628 429 tum
650 386 786 427 Echini
804 384 939 424 aculeis
963 384 1006 422 ab
1026 382 1132 420 omni
1148 381 1382 419 dubitatione
1405 379 1580 420 liberaflc.
1664 381 1802 429 Neque
1828 376 2053 417 sufficientes

547 446 632 486 sunt
648 444 812 483 rationes
847 451 1162 485 vaDMANNJ,
1194 437 1258 487 qui
1280 437 1318 475 in
1339 438 1481 475 Rarior.
1509 449 1659 475 natm-ae
1687 447 1722 473 et
1747 435 1860 482 artis,
1885 444 1919 483 p.
1936 439 1991 479 96·
2020 434 2053 472 b.

547 516 569 541 R
584 515 601 539 E
617 512 815 539 AVMVRII
847 495 1098 546 experimenta
1116 494 1255 540 reiicit,
1288 504 1325 530 et
1343 493 1547 539 existimat,
1578 491 1747 530 Echinos
1774 490 1949 540 quinque
1965 502 2055 539 pro-

548 556 738 596 mincmiis
770 553 975 601 (videntur
989 550 1057 587 hae
1075 550 1240 587 maxillae
1258 548 1416 586 mobiles
1437 547 1534 597 effe)
1564 560 1659 597 quae
1675 545 1797 584 versus
1818 545 2003 596 superiora
2016 545 2055 581 in

550 613 717 663 quinque
734 610 865 647 dentes
882 618 1013 645 acutos
1030 606 1296 651 terminentur,
1321 616 1359 641 et
1379 605 1414 641 in
1442 616 1594 653 quarum
1622 603 1747 640 medio
1766 602 1886 651 lingua
1904 600 1943 638 sit
1963 600 2058 652 posi-

548 681 604 715 ta,
634 666 813 705 incedere
833 676 870 701 et
887 675 1017 700 corum
1037 674 1113 712 ope
1130 674 1175 698 ex
1195 661 1286 698 loco
1302 660 1458 698 moueri.
1519 659 1591 696 Sed
1613 658 1684 709 ipsa
1703 658 1794 695 haec
1813 656 1946 707 opinio
1975 656 2057 694 satis

549 723 736 769 ostendit,
768 731 1118 758 KVNDMANNVM
1144 717 1266 754 minus
1294 717 1391 753 bene
1417 715 1464 752 de
1493 715 1649 765 partium
1674 714 1712 750 in
1747 713 1893 751 Echino
1921 712 1982 750 vsu
2006 712 2060 749 in-

548 779 723 818 strucstum
741 776 860 822 fuiss'e,
890 785 927 811 et
952 772 1287 818 obseruationibus,
1311 782 1349 808 et
1375 770 1602 821 experientia
1628 770 1841 806 destitutum
1860 767 1941 811 effe,
2002 766 2060 805 Ad

551 845 819 874 REAvmvnu
857 827 1078 867 sententiam
1115 827 1225 864 etiam
1268 826 1416 863 accedit
1446 824 1621 876 proxime
1667 825 1725 862 Cl.
1765 837 1880 862 stoA
1895 837 1948 862 NE
1976 823 1996 861 l.
2026 836 2060 861 c.

551 891 702 928 dicens:
732 887 850 927 Tecfia
867 884 948 923 sunt
964 884 1056 921 haec
1074 882 1239 920 animalia
1262 881 1373 932 spinis
1391 881 1553 919 diuersae
1569 880 1712 918 formae
1729 892 1766 918 et
1783 879 2062 930 magnitudinis,

553 946 688 997 quibus
711 957 783 996 pro
802 941 964 995 pedibus
991 950 1165 985 Vtuntur,
1206 938 1326 988 iisque
1348 937 1521 975 celeriter
1541 936 1715 987 ingredi,
1767 949 1902 985 easque
1941 935 2064 974 versus

556 1015 669 1041 vnum
692 1001 871 1053 puncium
891 1010 964 1049 pro
985 996 1101 1033 lubitu
1124 995 1285 1045 dirigere
1308 993 1411 1031 vidit.
1440 992 1600 1031 Accedit
1639 1004 1676 1029 et
1701 993 1798 1040 hoc,
1829 1003 1868 1029 vt
1896 1004 2065 1029 REAVMV-

555 1073 606 1098 nn
640 1056 873 1103 obseruatio,
910 1053 1067 1090 aliorum
1093 1050 1314 1102 scriptorum
1337 1050 1553 1088 annositate
1576 1048 1833 1086 confirmetur.
1918 1048 2068 1085 Praeter

556 1115 649 1153 alios
669 1113 768 1151 enim
787 1112 847 1150 Cl.
878 1124 900 1148 A
917 1122 974 1147 nc
988 1121 1187 1146 ΕΝνιιιΕ
1202 1136 1211 1154 ,
1237 1108 1274 1144 iu
1292 1106 1405 1144 altera
1451 1116 1556 1157 parte
1589 1104 1885 1155 Conchylt'ologiae
1923 1116 1959 1154 p.
2005 1106 2070 1143 62.

556 1170 607 1209 ita
627 1170 674 1208 de
695 1169 843 1207 Echino
861 1165 1046 1216 loquitur:
1075 1165 1167 1201 Fere
1206 1176 1320 1200 1200.
1360 1162 1551 1199 cornubus
1586 1159 1636 1207 (s.
1661 1160 1887 1212 tentaculis)
1924 1159 2068 1208 instrui-

558 1237 640 1272 tur,
668 1225 800 1274 quibus
819 1223 953 1267 vtitur,
984 1231 1024 1258 vt
1047 1219 1262 1269 regionem,
1293 1231 1310 1255 a
1326 1231 1394 1268 qua
1414 1216 1685 1264 circumdatur,
1717 1215 1904 1265 disquirat,
1933 1228 2010 1265 quo
2029 1213 2066 1253 se

560 1281 707 1320 cuidam
728 1278 885 1330 corpori
905 1276 1046 1326 affigat,
1073 1274 1130 1312 vel
1148 1275 1185 1311 in
1205 1275 1332 1324 quiete
1349 1284 1507 1315 maneat.
1583 1273 1690 1320 Quae
1714 1261 1868 1321 quiden‘a‘
1890 1271 1967 1309 eius
1989 1282 2073 1309 ten-

560 1337 679 1376 tacula
695 1335 812 1387 spinas
833 1331 1071 1383 longitudine
1096 1330 1284 1381 superant,
1312 1341 1350 1367 et
1379 1329 1418 1367 in
1445 1341 1536 1380 aqua
1554 1339 1697 1366 tantum
1714 1327 1938 1378 specstantur:
1981 1326 2067 1365 alias

562 1393 660 1431 enim
680 1390 954 1430 contrahuntur
975 1399 1013 1426 et
1036 1386 1072 1425 se
1098 1387 1272 1424 condunt
1301 1386 1396 1424 intra
1421 1385 1521 1423 bases
1536 1384 1585 1421 'et
1617 1384 1836 1422 eminentias
1874 1383 2072 1434 spinarum,

561 1461 716 1500 quarum
747 1457 923 1485 numerus
938 1444 1016 1482 duo
1043 1442 1152 1480 millia
1187 1441 1350 1479 excedit.
1437 1441 1560 1492 Spinis
1596 1440 1654 1478 his
1687 1439 1952 1491 progreditur,
2003 1451 2073 1477 ore

561 1504 686 1543 versus
702 1515 836 1542 terram
856 1499 985 1547 vers0‚
1016 1510 1056 1536 vt
1074 1498 1122 1535 ita
1139 1497 1408 1535 nutrimentum
1430 1508 1563 1547 capere
1578 1496 1700 1546 poffit.
1758 1495 1901 1545 Spinas,
1928 1508 2020 1545 quae
2038 1495 2073 1533 ei

562 1560 656 1599 loco
681 1558 885 1598 multorum
901 1554 1039 1607 pedum
1059 1554 1162 1601 sunt,
1196 1566 1243 1591 eo
1264 1553 1385 1590 modo
1404 1563 1548 1600 mouet,
1577 1563 1616 1589 vt
1632 1551 1834 1590 admodum
1851 1551 1959 1589 facile
1974 1552 2076 1590 ince-

567 1616 642 1654 dat.
703 1615 740 1653 Si
758 1614 924 1651 Echinus
941 1612 980 1648 in
1009 1611 1105 1648 (icco
1123 1609 1216 1647 loco
1241 1610 1312 1659 est,
1348 1608 1534 1647 tentacula
1567 1608 1649 1646 sunt
1671 1607 1882 1654 inuifibilia,
1912 1618 1951 1645 et
1978 1607 2076 1646 intra

566 1673 693 1710 testam
713 1670 891 1708 redeunt:
920 1666 1065 1705 fimulac
1081 1678 1172 1704 vero
1192 1666 1367 1704 marinam
1386 1678 1515 1716 aquam
1527 1664 1669 1712 sentiat,
1681 1677 1720 1702 ea
1740 1663 2013 1714 expanduntur,
2038 1674 2078 1702 et

569 1728 794 1776 elongantur
812 1723 960 1763 diuerlis
983 1722 1162 1760 motibus.
1242 1725 1370 1772 ltaque
1387 1721 1578 1760 cornubus
1596 1720 1804 1770 ingreditur
1822 1721 1863 1773 *)
1891 1718 2004 1771 affigit
2028 1719 2077 1767 se,

567 1783 629 1821 vbi
649 1781 747 1827 velit,
765 1781 874 1819 altera
891 1790 996 1830 parte
1013 1777 1161 1815 attrahit
1177 1789 1318 1826 aquam,
1337 1790 1447 1826 quam
1473 1776 1584 1814 altera
1617 1777 1730 1817 eiicit.
1747 1776 1810 1813 Cl.
1843 1788 2023 1815 BASTER
2040 1776 2081 1814 in

570 1837 812 1889 opusc.sul⁷fi¹c.
829 1835 978 1873 Lib.Ill.
991 1846 1026 1883 p.
1045 1847 1056 1870 1
1073 1832 1430 1880 13,ait,aculcorum
1442 1844 1479 1870 et
1495 1831 1764 1882 proboscitlum
1784 1830 1836 1883 (ί.
1862 1831 2080 1870 tentaculo-

568 1899 680 1948 rum)
710 1905 784 1944 ope
794 1892 924 1931 Echini
946 1903 966 1927 e
983 1890 1073 1927 loco
1094 1890 1132 1926 in
1151 1889 1277 1926 locum
1305 1888 1340 1925 se
1359 1899 1528 1935 mouent,
1547 1887 1713 1937 Vtrisque
1729 1887 1889 1925 eundem
1908 1887 1945 1925 in
1964 1887 2079 1927 finem

571 1962 732 1989 vtenteS.
810 1946 1082 1986 Posterioribus
1108 1956 1230 1983 tamen
1258 1944 1507 1996 potiffimum,
1537 1955 1577 1982 vt
1593 1941 1627 1980 se
1643 1943 1734 1981 loco
1755 1942 1901 1981 cuidam
1920 1942 2080 1994 affigunt,

572 2006 679 2058 quod
698 2005 720 2044 fi
739 2003 912 2050 fecerint,
934 2002 969 2042 vi
987 2013 1055 2039 eos
1072 2000 1256 2039 auulsurus
1272 2002 1398 2038 harum
1417 1999 1684 2051 proboscidum
1702 1999 1845 2050 aliquot
1860 1999 2082 2051 plerumque

538 2109 539 2113 Ἰ
570 2071 728 2113 rumpat.
814 2061 897 2098 Hae
931 2056 1179 2110 proboscides
1206 2057 1344 2107 vbique
1374 2069 1442 2108 per
1467 2055 1576 2094 series
1601 2055 1699 2094 inter
1716 2055 1866 2094 aculeos
1887 2054 2083 2107 dispositae

571 2118 675 2166 sunt,
709 2127 748 2155 et
770 2116 901 2155 animal
924 2113 1058 2154 iisdem
1085 2112 1228 2151 vsurum
1255 2125 1537 2162 nonnumquam
1564 2112 1610 2149 ad
1632 2111 1781 2163 pollicis
1805 2110 2083 2162 longitudinem

573 2187 634 2214 eas
657 2172 811 2216 exserit;
851 2169 1050 2224 aliquando
1078 2180 1227 2218 tamen,
1266 2169 1466 2222 praecipue
1490 2181 1581 2220 aqua
1611 2179 1823 2218 exemtum‚
1853 2168 1901 2207 ita
1935 2168 2083 2206 easdem

1917 2224 2083 2273 retrahit,

603 2340 639 2380 ⁴¹)
658 2340 694 2371 Id
710 2348 813 2372 tamen
827 2339 911 2381 prius
928 2335 1019 2379 spinis
1044 2335 1166 2370 tribuite
1191 2328 1338 2368 sorte‘hic
1354 2344 1438 2367 error
1452 2332 1609 2375 subrepsit.
