<?xml version="1.0" encoding="UTF-8"?>
<!DOCTYPE html PUBLIC "-//W3C//DTD XHTML 1.0 Transitional//EN"
    "http://www.w3.org/TR/xhtml1/DTD/xhtml1-transitional.dtd">
<html xmlns="http://www.w3.org/1999/xhtml" xml:lang="en" lang="en">
 <head>
  <title>
</title>
<meta http-equiv="Content-Type" content="text/html;charset=utf-8" />
  <meta name='ocr-system' content='tesseract 3.04.00' />
  <meta name='ocr-capabilities' content='ocr_page ocr_carea ocr_par ocr_line ocrx_word'/>
</head>
<body>
  <div class='ocr_page' id='page_1' title='image "./additamentaadjac00lesk_0054.png"; bbox 0 0 2242 2930; ppageno 0'>
   <div class='ocr_carea' id='block_1_1' title="bbox 331 1109 537 1191">
    <p class='ocr_par' dir='ltr' id='par_1_1' title="bbox 331 1109 537 1191">
     <span class='ocr_line' id='line_1_1' title="bbox 331 1109 537 1143; baseline 0.024 -5"><span class='ocrx_word' id='word_1_1' title='bbox 331 1109 405 1139; x_wconf 78' lang='lat' dir='ltr'>Tab.</span> <span class='ocrx_word' id='word_1_2' title='bbox 434 1111 537 1143; x_wconf 80' lang='lat' dir='ltr'><strong>XLIX.</strong></span> 
     </span>
     <span class='ocr_line' id='line_1_2' title="bbox 334 1151 451 1191; baseline 0.051 -11"><span class='ocrx_word' id='word_1_3' title='bbox 334 1151 397 1191; x_wconf 66' lang='lat' dir='ltr'>fig.</span> <span class='ocrx_word' id='word_1_4' title='bbox 420 1159 451 1186; x_wconf 76' lang='lat'>1·</span> 
     </span>
    </p>
   </div>
   <div class='ocr_carea' id='block_1_2' title="bbox 333 1845 484 1880">
    <p class='ocr_par' dir='ltr' id='par_1_2' title="bbox 333 1845 484 1880">
     <span class='ocr_line' id='line_1_3' title="bbox 333 1845 484 1880; baseline 0.026 -5"><span class='ocrx_word' id='word_1_5' title='bbox 333 1845 484 1880; x_wconf 84' lang='lat' dir='ltr'>-b.B.</span> 
     </span>
    </p>
   </div>
   <div class='ocr_carea' id='block_1_3' title="bbox 336 2102 511 2135">
    <p class='ocr_par' dir='ltr' id='par_1_3' title="bbox 336 2102 511 2135">
     <span class='ocr_line' id='line_1_4' title="bbox 336 2102 511 2135; baseline 0 -4"><span class='ocrx_word' id='word_1_6' title='bbox 336 2115 373 2123; x_wconf 90' lang='lat'>-—</span> <span class='ocrx_word' id='word_1_7' title='bbox 392 2102 465 2135; x_wconf 67' lang='lat'>213.</span> <span class='ocrx_word' id='word_1_8' title='bbox 481 2103 511 2131; x_wconf 77' lang='lat' dir='ltr'>F.</span> 
     </span>
    </p>
   </div>
   <div class='ocr_carea' id='block_1_4' title="bbox 541 241 1415 285">
    <p class='ocr_par' dir='ltr' id='par_1_4' title="bbox 541 241 1415 285">
     <span class='ocr_line' id='line_1_5' title="bbox 541 241 1415 285; baseline -0.006 -14"><span class='ocrx_word' id='word_1_9' title='bbox 541 247 592 282; x_wconf 84' lang='lat'>24</span> <span class='ocrx_word' id='word_1_10' title='bbox 1095 282 1098 285; x_wconf 30' lang='grc' dir='ltr'>Ι</span> <span class='ocrx_word' id='word_1_11' title='bbox 1123 241 1415 268; x_wconf 60' lang='lat' dir='ltr'>Annia-Amnum</span> 
     </span>
    </p>
   </div>
   <div class='ocr_carea' id='block_1_5' title="bbox 547 323 2046 440">
    <p class='ocr_par' dir='ltr' id='par_1_5' title="bbox 547 323 2046 440">
     <span class='ocr_line' id='line_1_6' title="bbox 547 323 2046 383; baseline -0.007 -12"><span class='ocrx_word' id='word_1_12' title='bbox 547 330 705 383; x_wconf 79' lang='lat' dir='ltr'>angulus</span> <span class='ocrx_word' id='word_1_13' title='bbox 730 327 953 368; x_wconf 86' lang='lat' dir='ltr'>acutiffimus</span> <span class='ocrx_word' id='word_1_14' title='bbox 980 325 1024 364; x_wconf 88' lang='lat' dir='ltr'>ad</span> <span class='ocrx_word' id='word_1_15' title='bbox 1049 326 1300 377; x_wconf 75' lang='lat' dir='ltr'>superiorem,</span> <span class='ocrx_word' id='word_1_16' title='bbox 1347 327 1553 377; x_wconf 72' lang='lat' dir='ltr'>triangulos</span> <span class='ocrx_word' id='word_1_17' title='bbox 1583 329 1696 378; x_wconf 89' lang='lat' dir='ltr'>(quos</span> <span class='ocrx_word' id='word_1_18' title='bbox 1722 338 1830 364; x_wconf 82' lang='lat' dir='ltr'>areas</span> <span class='ocrx_word' id='word_1_19' title='bbox 1853 323 2046 376; x_wconf 78' lang='lat' dir='ltr'>diximus),</span> 
     </span>
     <span class='ocr_line' id='line_1_7' title="bbox 548 383 1447 440; baseline -0.007 -12"><span class='ocrx_word' id='word_1_20' title='bbox 548 391 713 440; x_wconf 84' lang='lat' dir='ltr'>quinque</span> <span class='ocrx_word' id='word_1_21' title='bbox 729 385 889 424; x_wconf 88' lang='lat' dir='ltr'>totidem</span> <span class='ocrx_word' id='word_1_22' title='bbox 909 383 985 422; x_wconf 86' lang='lat' dir='ltr'>aliis</span> <span class='ocrx_word' id='word_1_23' title='bbox 1003 383 1176 430; x_wconf 77' lang='lat' dir='ltr'>maiores,</span> <span class='ocrx_word' id='word_1_24' title='bbox 1202 383 1365 422; x_wconf 59' lang='lat' dir='ltr'>distine‘ta</span> <span class='ocrx_word' id='word_1_25' title='bbox 1385 384 1447 422; x_wconf 80' lang='lat' dir='ltr'>est.</span> 
     </span>
    </p>
   </div>
   <div class='ocr_carea' id='block_1_6' title="bbox 549 460 2048 630">
    <p class='ocr_par' dir='ltr' id='par_1_6' title="bbox 549 460 2048 630">
     <span class='ocr_line' id='line_1_8' title="bbox 664 460 2048 516; baseline -0.007 -10"><span class='ocrx_word' id='word_1_26' title='bbox 664 471 842 507; x_wconf 81' lang='lat' dir='ltr'><em>Arearum</em></span> <span class='ocrx_word' id='word_1_27' title='bbox 861 463 1074 516; x_wconf 77' lang='lat' dir='ltr'>superficies</span> <span class='ocrx_word' id='word_1_28' title='bbox 1092 463 1213 513; x_wconf 74' lang='lat' dir='ltr'>paruis</span> <span class='ocrx_word' id='word_1_29' title='bbox 1244 463 1357 504; x_wconf 80' lang='lat' dir='ltr'>obfita</span> <span class='ocrx_word' id='word_1_30' title='bbox 1384 465 1434 502; x_wconf 86' lang='lat' dir='ltr'>est</span> <span class='ocrx_word' id='word_1_31' title='bbox 1459 463 1608 502; x_wconf 82' lang='lat' dir='ltr'>nodulis</span> <span class='ocrx_word' id='word_1_32' title='bbox 1636 463 1658 502; x_wconf 91' lang='lat' dir='ltr'>s.</span> <span class='ocrx_word' id='word_1_33' title='bbox 1685 462 1870 510; x_wconf 82' lang='lat' dir='ltr'>verrucis,</span> <span class='ocrx_word' id='word_1_34' title='bbox 1899 460 2048 499; x_wconf 75' lang='lat' dir='ltr'>maiori-</span> 
     </span>
     <span class='ocr_line' id='line_1_9' title="bbox 549 519 2045 570; baseline -0.008 -5"><span class='ocrx_word' id='word_1_35' title='bbox 549 527 619 565; x_wconf 87' lang='lat' dir='ltr'>bus</span> <span class='ocrx_word' id='word_1_36' title='bbox 645 536 682 562; x_wconf 86' lang='lat' dir='ltr'>et</span> <span class='ocrx_word' id='word_1_37' title='bbox 700 522 909 562; x_wconf 81' lang='lat' dir='ltr'>minoribus</span> <span class='ocrx_word' id='word_1_38' title='bbox 928 521 966 558; x_wconf 86' lang='lat' dir='ltr'>in</span> <span class='ocrx_word' id='word_1_39' title='bbox 987 519 1095 558; x_wconf 86' lang='lat' dir='ltr'>series</span> <span class='ocrx_word' id='word_1_40' title='bbox 1112 520 1257 570; x_wconf 51' lang='lat' dir='ltr'>politi&amp;</span> <span class='ocrx_word' id='word_1_41' title='bbox 1290 533 1448 559; x_wconf 88' lang='lat' dir='ltr'>numero</span> <span class='ocrx_word' id='word_1_42' title='bbox 1486 520 1524 559; x_wconf 88' lang='lat' dir='ltr'>in</span> <span class='ocrx_word' id='word_1_43' title='bbox 1549 520 1640 557; x_wconf 72' lang='lat' dir='ltr'>areis</span> <span class='ocrx_word' id='word_1_44' title='bbox 1670 519 1870 556; x_wconf 75' lang='lat' dir='ltr'>maioribus</span> <span class='ocrx_word' id='word_1_45' title='bbox 1893 528 2045 555; x_wconf 87' lang='lat' dir='ltr'>centum</span> 
     </span>
     <span class='ocr_line' id='line_1_10' title="bbox 550 573 2044 630; baseline -0.007 -10"><span class='ocrx_word' id='word_1_46' title='bbox 550 593 588 620; x_wconf 88' lang='lat' dir='ltr'>et</span> <span class='ocrx_word' id='word_1_47' title='bbox 604 579 801 630; x_wconf 80' lang='lat' dir='ltr'>sexaginta,</span> <span class='ocrx_word' id='word_1_48' title='bbox 811 579 848 616; x_wconf 90' lang='lat' dir='ltr'>in</span> <span class='ocrx_word' id='word_1_49' title='bbox 868 577 1076 616; x_wconf 86' lang='lat' dir='ltr'>minoribus</span> <span class='ocrx_word' id='word_1_50' title='bbox 1088 576 1294 627; x_wconf 61' lang='lat' dir='ltr'>oeioginta,</span> <span class='ocrx_word' id='word_1_51' title='bbox 1323 588 1363 616; x_wconf 92' lang='lat' dir='ltr'>vt</span> <span class='ocrx_word' id='word_1_52' title='bbox 1379 577 1427 616; x_wconf 84' lang='lat' dir='ltr'>ita</span> <span class='ocrx_word' id='word_1_53' title='bbox 1445 577 1513 615; x_wconf 85' lang='lat' dir='ltr'>fint</span> <span class='ocrx_word' id='word_1_54' title='bbox 1529 576 1629 614; x_wconf 86' lang='lat' dir='ltr'>mille</span> <span class='ocrx_word' id='word_1_55' title='bbox 1646 575 1799 615; x_wconf 88' lang='lat' dir='ltr'>ducenti</span> <span class='ocrx_word' id='word_1_56' title='bbox 1815 574 1910 613; x_wconf 88' lang='lat' dir='ltr'>nodi</span> <span class='ocrx_word' id='word_1_57' title='bbox 1927 573 2044 612; x_wconf 84' lang='lat' dir='ltr'>totius</span> 
     </span>
    </p>
   </div>
   <div class='ocr_carea' id='block_1_7' title="bbox 548 637 2045 765">
    <p class='ocr_par' dir='ltr' id='par_1_7' title="bbox 548 637 2045 765">
     <span class='ocr_line' id='line_1_11' title="bbox 548 637 725 676; baseline 0 0"><span class='ocrx_word' id='word_1_58' title='bbox 548 637 725 676; x_wconf 83' lang='lat' dir='ltr'>animalis.</span> 
     </span>
     <span class='ocr_line' id='line_1_12' title="bbox 663 707 2045 765; baseline -0.007 -10"><span class='ocrx_word' id='word_1_59' title='bbox 663 718 734 756; x_wconf 87' lang='lat' dir='ltr'>His</span> <span class='ocrx_word' id='word_1_60' title='bbox 754 716 868 754; x_wconf 85' lang='lat' dir='ltr'>nodis</span> <span class='ocrx_word' id='word_1_61' title='bbox 886 713 1083 752; x_wconf 67' lang='lat' dir='ltr'>nec‘iuntur</span> <span class='ocrx_word' id='word_1_62' title='bbox 1103 713 1224 764; x_wconf 77' lang='lat' dir='ltr'>spinae</span> <span class='ocrx_word' id='word_1_63' title='bbox 1244 725 1310 765; x_wconf 83' lang='lat' dir='ltr'>per</span> <span class='ocrx_word' id='word_1_64' title='bbox 1327 707 1543 751; x_wconf 63' lang='lat' dir='ltr'>Artleroa’iae</span> <span class='ocrx_word' id='word_1_65' title='bbox 1559 713 1740 764; x_wconf 81' lang='lat' dir='ltr'>speciem,</span> <span class='ocrx_word' id='word_1_66' title='bbox 1771 723 1810 750; x_wconf 81' lang='lat' dir='ltr'>vt</span> <span class='ocrx_word' id='word_1_67' title='bbox 1826 712 1863 749; x_wconf 89' lang='lat' dir='ltr'>in</span> <span class='ocrx_word' id='word_1_68' title='bbox 1883 710 2045 761; x_wconf 78' lang='lat' dir='ltr'>reliquis,</span> 
     </span>
    </p>
   </div>
   <div class='ocr_carea' id='block_1_8' title="bbox 547 791 2042 1070">
    <p class='ocr_par' dir='ltr' id='par_1_8' title="bbox 547 791 2042 1070">
     <span class='ocr_line' id='line_1_13' title="bbox 661 791 2042 842; baseline -0.007 -6"><span class='ocrx_word' id='word_1_69' title='bbox 661 798 820 842; x_wconf 76' lang='lat' dir='ltr'>Lineae,</span> <span class='ocrx_word' id='word_1_70' title='bbox 850 796 971 834; x_wconf 84' lang='lat' dir='ltr'>minus</span> <span class='ocrx_word' id='word_1_71' title='bbox 989 792 1177 840; x_wconf 79' lang='lat' dir='ltr'>nodosae,</span> <span class='ocrx_word' id='word_1_72' title='bbox 1207 794 1344 830; x_wconf 81' lang='lat' dir='ltr'>maiora</span> <span class='ocrx_word' id='word_1_73' title='bbox 1363 805 1380 829; x_wconf 84' lang='lat' dir='ltr'>a</span> <span class='ocrx_word' id='word_1_74' title='bbox 1404 793 1612 830; x_wconf 75' lang='lat' dir='ltr'>minoribus</span> <span class='ocrx_word' id='word_1_75' title='bbox 1637 792 1816 830; x_wconf 84' lang='lat' dir='ltr'>dirimunt</span> <span class='ocrx_word' id='word_1_76' title='bbox 1833 791 2042 840; x_wconf 78' lang='lat' dir='ltr'>triangulis:</span> 
     </span>
     <span class='ocr_line' id='line_1_14' title="bbox 548 847 2042 903; baseline -0.007 -10"><span class='ocrx_word' id='word_1_77' title='bbox 548 854 707 903; x_wconf 86' lang='lat' dir='ltr'>suntque</span> <span class='ocrx_word' id='word_1_78' title='bbox 722 854 790 890; x_wconf 82' lang='lat' dir='ltr'>hae</span> <span class='ocrx_word' id='word_1_79' title='bbox 806 852 924 889; x_wconf 85' lang='lat' dir='ltr'>lineae</span> <span class='ocrx_word' id='word_1_80' title='bbox 940 849 1060 900; x_wconf 77' lang='lat' dir='ltr'>paruis</span> <span class='ocrx_word' id='word_1_81' title='bbox 1087 848 1240 899; x_wconf 84' lang='lat' dir='ltr'>oblique</span> <span class='ocrx_word' id='word_1_82' title='bbox 1268 848 1313 885; x_wconf 88' lang='lat' dir='ltr'>ad</span> <span class='ocrx_word' id='word_1_83' title='bbox 1338 848 1532 886; x_wconf 78' lang='lat' dir='ltr'>cauitatem</span> <span class='ocrx_word' id='word_1_84' title='bbox 1556 849 1726 886; x_wconf 88' lang='lat' dir='ltr'>intimam</span> <span class='ocrx_word' id='word_1_85' title='bbox 1759 847 2042 899; x_wconf 83' lang='lat' dir='ltr'>penetrantibus</span> 
     </span>
     <span class='ocr_line' id='line_1_15' title="bbox 549 903 2042 954; baseline -0.006 -6"><span class='ocrx_word' id='word_1_86' title='bbox 549 909 743 948; x_wconf 61' lang='lat' dir='ltr'>inm-unae</span> <span class='ocrx_word' id='word_1_87' title='bbox 760 906 1018 951; x_wconf 79' lang='lat' dir='ltr'>foraminibus,</span> <span class='ocrx_word' id='word_1_88' title='bbox 1047 916 1114 954; x_wconf 86' lang='lat' dir='ltr'>per</span> <span class='ocrx_word' id='word_1_89' title='bbox 1133 917 1225 954; x_wconf 82' lang='lat' dir='ltr'>quae</span> <span class='ocrx_word' id='word_1_90' title='bbox 1242 903 1429 942; x_wconf 73' lang='lat' dir='ltr'>tentacula</span> <span class='ocrx_word' id='word_1_91' title='bbox 1451 904 1613 942; x_wconf 82' lang='lat' dir='ltr'>animalis</span> <span class='ocrx_word' id='word_1_92' title='bbox 1640 903 1839 943; x_wconf 86' lang='lat' dir='ltr'>transeunt.</span> <span class='ocrx_word' id='word_1_93' title='bbox 1898 905 2042 941; x_wconf 86' lang='lat' dir='ltr'>Nume-</span> 
     </span>
     <span class='ocr_line' id='line_1_16' title="bbox 548 959 2041 1010; baseline -0.006 -6"><span class='ocrx_word' id='word_1_94' title='bbox 548 979 609 1003; x_wconf 87' lang='lat' dir='ltr'>rus</span> <span class='ocrx_word' id='word_1_95' title='bbox 629 965 852 1003; x_wconf 83' lang='lat' dir='ltr'>foraminum</span> <span class='ocrx_word' id='word_1_96' title='bbox 871 963 908 1000; x_wconf 89' lang='lat' dir='ltr'>in</span> <span class='ocrx_word' id='word_1_97' title='bbox 925 961 1072 1010; x_wconf 69' lang='lat' dir='ltr'>lingulis</span> <span class='ocrx_word' id='word_1_98' title='bbox 1090 960 1195 998; x_wconf 88' lang='lat' dir='ltr'>lineis</span> <span class='ocrx_word' id='word_1_99' title='bbox 1216 960 1260 997; x_wconf 84' lang='lat' dir='ltr'>ad</span> <span class='ocrx_word' id='word_1_100' title='bbox 1282 959 1477 998; x_wconf 86' lang='lat' dir='ltr'>minimum</span> <span class='ocrx_word' id='word_1_101' title='bbox 1503 961 1553 998; x_wconf 87' lang='lat' dir='ltr'>est</span> <span class='ocrx_word' id='word_1_102' title='bbox 1578 960 1832 1007; x_wconf 84' lang='lat' dir='ltr'>centenarius,</span> <span class='ocrx_word' id='word_1_103' title='bbox 1854 969 1893 995; x_wconf 81' lang='lat' dir='ltr'>vt</span> <span class='ocrx_word' id='word_1_104' title='bbox 1916 959 2041 1008; x_wconf 82' lang='lat' dir='ltr'>itaque</span> 
     </span>
     <span class='ocr_line' id='line_1_17' title="bbox 547 1017 1305 1070; baseline -0.004 -11"><span class='ocrx_word' id='word_1_105' title='bbox 547 1022 647 1059; x_wconf 89' lang='lat' dir='ltr'>mille</span> <span class='ocrx_word' id='word_1_106' title='bbox 664 1020 859 1059; x_wconf 72' lang='lat' dir='ltr'>tentaculis</span> <span class='ocrx_word' id='word_1_107' title='bbox 880 1018 1086 1070; x_wconf 85' lang='lat' dir='ltr'>praeditum</span> <span class='ocrx_word' id='word_1_108' title='bbox 1105 1017 1144 1055; x_wconf 83' lang='lat' dir='ltr'>fit</span> <span class='ocrx_word' id='word_1_109' title='bbox 1161 1017 1305 1056; x_wconf 83' lang='lat' dir='ltr'>animal.</span> 
     </span>
    </p>
   </div>
   <div class='ocr_carea' id='block_1_9' title="bbox 545 1094 2042 1544">
    <p class='ocr_par' dir='ltr' id='par_1_9' title="bbox 545 1094 2042 1544">
     <span class='ocr_line' id='line_1_18' title="bbox 669 1094 2042 1150; baseline -0.007 -9"><span class='ocrx_word' id='word_1_110' title='bbox 669 1101 939 1142; x_wconf 72' lang='lat' dir='ltr'>Tentaculorum</span> <span class='ocrx_word' id='word_1_111' title='bbox 957 1099 1078 1137; x_wconf 86' lang='lat' dir='ltr'>forma</span> <span class='ocrx_word' id='word_1_112' title='bbox 1096 1109 1198 1150; x_wconf 79' lang='lat' dir='ltr'>patet</span> <span class='ocrx_word' id='word_1_113' title='bbox 1215 1111 1260 1136; x_wconf 85' lang='lat' dir='ltr'>ex</span> <span class='ocrx_word' id='word_1_114' title='bbox 1279 1097 1340 1148; x_wconf 84' lang='lat' dir='ltr'>fig.</span> <span class='ocrx_word' id='word_1_115' title='bbox 1364 1112 1394 1138; x_wconf 86' lang='lat'>1.</span> <span class='ocrx_word' id='word_1_116' title='bbox 1412 1098 1485 1137; x_wconf 88' lang='lat' dir='ltr'>tab.</span> <span class='ocrx_word' id='word_1_117' title='bbox 1501 1099 1630 1137; x_wconf 82' lang='lat' dir='ltr'>XLIX.</span> <span class='ocrx_word' id='word_1_118' title='bbox 1655 1096 1893 1148; x_wconf 85' lang='lat' dir='ltr'>longitudine</span> <span class='ocrx_word' id='word_1_119' title='bbox 1913 1094 2042 1132; x_wconf 77' lang='lat' dir='ltr'>eadem</span> 
     </span>
     <span class='ocr_line' id='line_1_19' title="bbox 550 1154 2042 1210; baseline -0.007 -12"><span class='ocrx_word' id='word_1_120' title='bbox 550 1159 724 1210; x_wconf 85' lang='lat' dir='ltr'>superant</span> <span class='ocrx_word' id='word_1_121' title='bbox 741 1157 907 1205; x_wconf 78' lang='lat' dir='ltr'>aculeos,</span> <span class='ocrx_word' id='word_1_122' title='bbox 938 1155 1157 1205; x_wconf 81' lang='lat' dir='ltr'>annulisque</span> <span class='ocrx_word' id='word_1_123' title='bbox 1177 1155 1362 1202; x_wconf 87' lang='lat' dir='ltr'>constant,</span> <span class='ocrx_word' id='word_1_124' title='bbox 1393 1154 1614 1194; x_wconf 80' lang='lat' dir='ltr'>laternarum</span> <span class='ocrx_word' id='word_1_125' title='bbox 1633 1154 1922 1200; x_wconf 81' lang='lat' dir='ltr'>chartacearum,</span> <span class='ocrx_word' id='word_1_126' title='bbox 1953 1161 2042 1200; x_wconf 84' lang='lat' dir='ltr'>quas</span> 
     </span>
     <span class='ocr_line' id='line_1_20' title="bbox 549 1208 2042 1265; baseline -0.007 -12"><span class='ocrx_word' id='word_1_127' title='bbox 549 1215 588 1253; x_wconf 90' lang='lat' dir='ltr'>in</span> <span class='ocrx_word' id='word_1_128' title='bbox 606 1214 789 1265; x_wconf 81' lang='lat' dir='ltr'>marsupio</span> <span class='ocrx_word' id='word_1_129' title='bbox 815 1223 1023 1263; x_wconf 85' lang='lat' dir='ltr'>portamus,</span> <span class='ocrx_word' id='word_1_130' title='bbox 1054 1223 1161 1249; x_wconf 90' lang='lat' dir='ltr'>more</span> <span class='ocrx_word' id='word_1_131' title='bbox 1179 1209 1414 1261; x_wconf 80' lang='lat' dir='ltr'>plicatilibus.</span> <span class='ocrx_word' id='word_1_132' title='bbox 1495 1212 1674 1262; x_wconf 87' lang='lat' dir='ltr'>Superior</span> <span class='ocrx_word' id='word_1_133' title='bbox 1692 1208 1899 1249; x_wconf 87' lang='lat' dir='ltr'>eorundem</span> <span class='ocrx_word' id='word_1_134' title='bbox 1918 1218 2042 1244; x_wconf 84' lang='lat' dir='ltr'>extre-</span> 
     </span>
     <span class='ocr_line' id='line_1_21' title="bbox 549 1262 2040 1320; baseline -0.007 -11"><span class='ocrx_word' id='word_1_135' title='bbox 549 1271 657 1309; x_wconf 78' lang='lat' dir='ltr'>mitas</span> <span class='ocrx_word' id='word_1_136' title='bbox 675 1270 822 1320; x_wconf 79' lang='lat' dir='ltr'>planior</span> <span class='ocrx_word' id='word_1_137' title='bbox 837 1268 996 1306; x_wconf 91' lang='lat' dir='ltr'>eundem</span> <span class='ocrx_word' id='word_1_138' title='bbox 1016 1267 1197 1317; x_wconf 76' lang='lat' dir='ltr'>praestare</span> <span class='ocrx_word' id='word_1_139' title='bbox 1218 1265 1388 1303; x_wconf 60' lang='lat' dir='ltr'>effefflum</span> <span class='ocrx_word' id='word_1_140' title='bbox 1408 1265 1572 1313; x_wconf 88' lang='lat' dir='ltr'>videtur,</span> <span class='ocrx_word' id='word_1_141' title='bbox 1605 1278 1714 1316; x_wconf 85' lang='lat' dir='ltr'>quem</span> <span class='ocrx_word' id='word_1_142' title='bbox 1742 1266 1821 1302; x_wconf 85' lang='lat' dir='ltr'>lora</span> <span class='ocrx_word' id='word_1_143' title='bbox 1839 1262 2040 1307; x_wconf 60' lang='lat' dir='ltr'>atti-estius,</span> 
     </span>
     <span class='ocr_line' id='line_1_22' title="bbox 550 1316 2038 1376; baseline -0.007 -12"><span class='ocrx_word' id='word_1_144' title='bbox 550 1327 682 1376; x_wconf 91' lang='lat' dir='ltr'>quibus</span> <span class='ocrx_word' id='word_1_145' title='bbox 703 1325 807 1376; x_wconf 87' lang='lat' dir='ltr'>pueri</span> <span class='ocrx_word' id='word_1_146' title='bbox 824 1323 996 1361; x_wconf 86' lang='lat' dir='ltr'>ludentes</span> <span class='ocrx_word' id='word_1_147' title='bbox 1014 1323 1154 1373; x_wconf 82' lang='lat' dir='ltr'>lapides</span> <span class='ocrx_word' id='word_1_148' title='bbox 1174 1335 1194 1360; x_wconf 92' lang='lat' dir='ltr'>e</span> <span class='ocrx_word' id='word_1_149' title='bbox 1216 1321 1296 1360; x_wconf 90' lang='lat' dir='ltr'>solo</span> <span class='ocrx_word' id='word_1_150' title='bbox 1314 1321 1508 1360; x_wconf 83' lang='lat' dir='ltr'>extrahere</span> <span class='ocrx_word' id='word_1_151' title='bbox 1532 1322 1667 1363; x_wconf 85' lang='lat' dir='ltr'>valent.</span> <span class='ocrx_word' id='word_1_152' title='bbox 1727 1318 1995 1359; x_wconf 86' lang='lat' dir='ltr'>Proboscidum</span> <span class='ocrx_word' id='word_1_153' title='bbox 2015 1316 2038 1354; x_wconf 86' lang='lat' dir='ltr'>s.</span> 
     </span>
     <span class='ocr_line' id='line_1_23' title="bbox 549 1373 2040 1424; baseline -0.007 -4"><span class='ocrx_word' id='word_1_154' title='bbox 549 1382 824 1420; x_wconf 78' lang='lat' dir='ltr'>tentaculorum</span> <span class='ocrx_word' id='word_1_155' title='bbox 847 1380 1014 1417; x_wconf 85' lang='lat' dir='ltr'>omnium</span> <span class='ocrx_word' id='word_1_156' title='bbox 1035 1379 1250 1417; x_wconf 79' lang='lat' dir='ltr'>extremitas</span> <span class='ocrx_word' id='word_1_157' title='bbox 1274 1389 1354 1414; x_wconf 86' lang='lat' dir='ltr'>non</span> <span class='ocrx_word' id='word_1_158' title='bbox 1373 1378 1508 1416; x_wconf 86' lang='lat' dir='ltr'>eodem</span> <span class='ocrx_word' id='word_1_159' title='bbox 1533 1377 1653 1416; x_wconf 90' lang='lat' dir='ltr'>modo</span> <span class='ocrx_word' id='word_1_160' title='bbox 1684 1377 1842 1415; x_wconf 76' lang='lat' dir='ltr'>formata</span> <span class='ocrx_word' id='word_1_161' title='bbox 1861 1376 1930 1412; x_wconf 89' lang='lat' dir='ltr'>est:</span> <span class='ocrx_word' id='word_1_162' title='bbox 1961 1373 2040 1424; x_wconf 87' lang='lat' dir='ltr'>plu-</span> 
     </span>
     <span class='ocr_line' id='line_1_24' title="bbox 550 1430 2040 1486; baseline -0.006 -11"><span class='ocrx_word' id='word_1_163' title='bbox 550 1450 609 1475; x_wconf 91' lang='lat' dir='ltr'>res</span> <span class='ocrx_word' id='word_1_164' title='bbox 628 1439 720 1484; x_wconf 74' lang='lat' dir='ltr'>sunt,</span> <span class='ocrx_word' id='word_1_165' title='bbox 752 1448 792 1474; x_wconf 91' lang='lat' dir='ltr'>vt</span> <span class='ocrx_word' id='word_1_166' title='bbox 808 1437 846 1473; x_wconf 92' lang='lat' dir='ltr'>in</span> <span class='ocrx_word' id='word_1_167' title='bbox 867 1435 979 1485; x_wconf 83' lang='lat' dir='ltr'>figura</span> <span class='ocrx_word' id='word_1_168' title='bbox 999 1449 1025 1474; x_wconf 90' lang='lat'>1.</span> <span class='ocrx_word' id='word_1_169' title='bbox 1044 1448 1073 1473; x_wconf 83' lang='lat' dir='ltr'>a.</span> <span class='ocrx_word' id='word_1_170' title='bbox 1090 1435 1130 1471; x_wconf 88' lang='lat' dir='ltr'>A.</span> <span class='ocrx_word' id='word_1_171' title='bbox 1151 1433 1356 1486; x_wconf 58' lang='lat' dir='ltr'>expressize,</span> <span class='ocrx_word' id='word_1_172' title='bbox 1384 1435 1565 1483; x_wconf 83' lang='lat' dir='ltr'>quaedam</span> <span class='ocrx_word' id='word_1_173' title='bbox 1589 1444 1710 1472; x_wconf 83' lang='lat' dir='ltr'>autem</span> <span class='ocrx_word' id='word_1_174' title='bbox 1727 1433 1843 1472; x_wconf 88' lang='lat' dir='ltr'>tribus</span> <span class='ocrx_word' id='word_1_175' title='bbox 1863 1430 1955 1482; x_wconf 73' lang='lat' dir='ltr'>quali</span> <span class='ocrx_word' id='word_1_176' title='bbox 1977 1442 2040 1467; x_wconf 91' lang='lat' dir='ltr'>cu-</span> 
     </span>
     <span class='ocr_line' id='line_1_25' title="bbox 545 1492 996 1544; baseline 0.002 -15"><span class='ocrx_word' id='word_1_177' title='bbox 545 1493 707 1544; x_wconf 85' lang='lat' dir='ltr'>spidibus</span> <span class='ocrx_word' id='word_1_178' title='bbox 738 1492 996 1530; x_wconf 75' lang='lat' dir='ltr'>terminantur.</span> 
     </span>
    </p>
   </div>
   <div class='ocr_carea' id='block_1_10' title="bbox 542 1567 2041 1903">
    <p class='ocr_par' dir='ltr' id='par_1_10' title="bbox 542 1567 2041 1903">
     <span class='ocr_line' id='line_1_26' title="bbox 658 1567 2038 1623; baseline -0.006 -11"><span class='ocrx_word' id='word_1_179' title='bbox 658 1573 780 1613; x_wconf 72' lang='lat' dir='ltr'>Aculei</span> <span class='ocrx_word' id='word_1_180' title='bbox 804 1573 966 1611; x_wconf 78' lang='lat' dir='ltr'>animalis</span> <span class='ocrx_word' id='word_1_181' title='bbox 990 1571 1234 1623; x_wconf 83' lang='lat' dir='ltr'>magnitudini</span> <span class='ocrx_word' id='word_1_182' title='bbox 1253 1571 1503 1623; x_wconf 85' lang='lat' dir='ltr'>respondent,</span> <span class='ocrx_word' id='word_1_183' title='bbox 1535 1571 1684 1610; x_wconf 74' lang='lat' dir='ltr'>maximi</span> <span class='ocrx_word' id='word_1_184' title='bbox 1717 1570 1860 1609; x_wconf 87' lang='lat' dir='ltr'>dimidii</span> <span class='ocrx_word' id='word_1_185' title='bbox 1889 1567 2038 1619; x_wconf 81' lang='lat' dir='ltr'>pollicis</span> 
     </span>
     <span class='ocr_line' id='line_1_27' title="bbox 546 1625 2039 1680; baseline -0.005 -12"><span class='ocrx_word' id='word_1_186' title='bbox 546 1630 822 1680; x_wconf 82' lang='lat' dir='ltr'>longitudinem</span> <span class='ocrx_word' id='word_1_187' title='bbox 841 1630 1054 1675; x_wconf 72' lang='lat' dir='ltr'>excedunt3</span> <span class='ocrx_word' id='word_1_188' title='bbox 1082 1628 1224 1667; x_wconf 89' lang='lat' dir='ltr'>coloris</span> <span class='ocrx_word' id='word_1_189' title='bbox 1242 1629 1277 1665; x_wconf 90' lang='lat' dir='ltr'>in</span> <span class='ocrx_word' id='word_1_190' title='bbox 1296 1627 1429 1666; x_wconf 83' lang='lat' dir='ltr'>eodem</span> <span class='ocrx_word' id='word_1_191' title='bbox 1441 1628 1595 1666; x_wconf 77' lang='lat' dir='ltr'>animale</span> <span class='ocrx_word' id='word_1_192' title='bbox 1618 1628 1720 1679; x_wconf 76' lang='lat' dir='ltr'>saepe</span> <span class='ocrx_word' id='word_1_193' title='bbox 1732 1627 1831 1674; x_wconf 75' lang='lat' dir='ltr'>varii,</span> <span class='ocrx_word' id='word_1_194' title='bbox 1859 1625 2039 1673; x_wconf 87' lang='lat' dir='ltr'>albi,coe-</span> 
     </span>
     <span class='ocr_line' id='line_1_28' title="bbox 546 1679 2040 1735; baseline -0.003 -13"><span class='ocrx_word' id='word_1_195' title='bbox 546 1686 659 1733; x_wconf 86' lang='lat' dir='ltr'>rulei,</span> <span class='ocrx_word' id='word_1_196' title='bbox 688 1685 777 1732; x_wconf 84' lang='lat' dir='ltr'>rufi,</span> <span class='ocrx_word' id='word_1_197' title='bbox 803 1685 991 1735; x_wconf 83' lang='lat' dir='ltr'>purpurei,</span> <span class='ocrx_word' id='word_1_198' title='bbox 1012 1696 1086 1727; x_wconf 71' lang='lat' dir='ltr'>etc.</span> <span class='ocrx_word' id='word_1_199' title='bbox 1171 1685 1344 1732; x_wconf 83' lang='lat' dir='ltr'>Quorum</span> <span class='ocrx_word' id='word_1_200' title='bbox 1363 1697 1445 1735; x_wconf 80' lang='lat' dir='ltr'>pars</span> <span class='ocrx_word' id='word_1_201' title='bbox 1462 1684 1639 1732; x_wconf 87' lang='lat' dir='ltr'>inferior,</span> <span class='ocrx_word' id='word_1_202' title='bbox 1671 1685 1783 1722; x_wconf 80' lang='lat' dir='ltr'>testae</span> <span class='ocrx_word' id='word_1_203' title='bbox 1799 1683 1959 1728; x_wconf 77' lang='lat' dir='ltr'>adnexa,</span> <span class='ocrx_word' id='word_1_204' title='bbox 1993 1679 2040 1717; x_wconf 78' lang='lat' dir='ltr'>ad</span> 
     </span>
     <span class='ocr_line' id='line_1_29' title="bbox 547 1739 2040 1792; baseline -0.003 -14"><span class='ocrx_word' id='word_1_205' title='bbox 547 1741 720 1778; x_wconf 83' lang='lat' dir='ltr'>dimidiae</span> <span class='ocrx_word' id='word_1_206' title='bbox 738 1740 816 1778; x_wconf 84' lang='lat' dir='ltr'>fere</span> <span class='ocrx_word' id='word_1_207' title='bbox 833 1740 952 1778; x_wconf 84' lang='lat' dir='ltr'>lineae</span> <span class='ocrx_word' id='word_1_208' title='bbox 969 1739 1199 1778; x_wconf 82' lang='lat' dir='ltr'>altitudinem</span> <span class='ocrx_word' id='word_1_209' title='bbox 1217 1753 1234 1777; x_wconf 80' lang='lat' dir='ltr'>a</span> <span class='ocrx_word' id='word_1_210' title='bbox 1251 1740 1453 1790; x_wconf 77' lang='lat' dir='ltr'>superiore,</span> <span class='ocrx_word' id='word_1_211' title='bbox 1482 1753 1597 1790; x_wconf 80' lang='lat' dir='ltr'>eaque</span> <span class='ocrx_word' id='word_1_212' title='bbox 1614 1741 1789 1792; x_wconf 76' lang='lat' dir='ltr'>longiore</span> <span class='ocrx_word' id='word_1_213' title='bbox 1805 1750 1921 1789; x_wconf 81' lang='lat' dir='ltr'>parte,</span> <span class='ocrx_word' id='word_1_214' title='bbox 1947 1749 2040 1788; x_wconf 73' lang='lat' dir='ltr'>quae</span> 
     </span>
     <span class='ocr_line' id='line_1_30' title="bbox 546 1793 2041 1848; baseline 0.001 -14"><span class='ocrx_word' id='word_1_215' title='bbox 546 1797 589 1835; x_wconf 80' lang='lat' dir='ltr'>ad</span> <span class='ocrx_word' id='word_1_216' title='bbox 612 1797 754 1848; x_wconf 73' lang='lat' dir='ltr'>apicem</span> <span class='ocrx_word' id='word_1_217' title='bbox 773 1795 883 1847; x_wconf 89' lang='lat' dir='ltr'>vsque</span> <span class='ocrx_word' id='word_1_218' title='bbox 900 1795 1017 1834; x_wconf 74' lang='lat' dir='ltr'>striata</span> <span class='ocrx_word' id='word_1_219' title='bbox 1035 1796 1098 1844; x_wconf 86' lang='lat' dir='ltr'>est,</span> <span class='ocrx_word' id='word_1_220' title='bbox 1122 1796 1288 1846; x_wconf 84' lang='lat' dir='ltr'>margine</span> <span class='ocrx_word' id='word_1_221' title='bbox 1305 1796 1423 1845; x_wconf 83' lang='lat' dir='ltr'>tenui,</span> <span class='ocrx_word' id='word_1_222' title='bbox 1447 1796 1689 1847; x_wconf 87' lang='lat' dir='ltr'>prominente</span> <span class='ocrx_word' id='word_1_223' title='bbox 1707 1795 1864 1847; x_wconf 81' lang='lat' dir='ltr'>separata</span> <span class='ocrx_word' id='word_1_224' title='bbox 1885 1795 1946 1833; x_wconf 86' lang='lat' dir='ltr'>est.</span> <span class='ocrx_word' id='word_1_225' title='bbox 1964 1793 2041 1835; x_wconf 84' lang='lat' dir='ltr'>vid.</span> 
     </span>
     <span class='ocr_line' id='line_1_31' title="bbox 542 1853 789 1903; baseline -0.008 -13"><span class='ocrx_word' id='word_1_226' title='bbox 542 1853 619 1903; x_wconf 79' lang='lat' dir='ltr'>Fig.</span> <span class='ocrx_word' id='word_1_227' title='bbox 642 1867 672 1891; x_wconf 87' lang='lat'>1.</span> <span class='ocrx_word' id='word_1_228' title='bbox 701 1854 728 1892; x_wconf 85' lang='lat' dir='ltr'>b.</span> <span class='ocrx_word' id='word_1_229' title='bbox 751 1855 789 1892; x_wconf 87' lang='lat' dir='ltr'>B.</span> 
     </span>
    </p>
   </div>
   <div class='ocr_carea' id='block_1_11' title="bbox 546 1938 2039 2161">
    <p class='ocr_par' dir='ltr' id='par_1_11' title="bbox 546 1938 2039 2161">
     <span class='ocr_line' id='line_1_32' title="bbox 659 1938 2037 1992; baseline -0.002 -12"><span class='ocrx_word' id='word_1_230' title='bbox 659 1941 792 1980; x_wconf 81' lang='lat' dir='ltr'>Perasis</span> <span class='ocrx_word' id='word_1_231' title='bbox 812 1941 946 1980; x_wconf 83' lang='lat' dir='ltr'>aculeis</span> <span class='ocrx_word' id='word_1_232' title='bbox 964 1940 1126 1992; x_wconf 85' lang='lat' dir='ltr'>superius</span> <span class='ocrx_word' id='word_1_233' title='bbox 1144 1941 1257 1979; x_wconf 78' lang='lat' dir='ltr'>testae</span> <span class='ocrx_word' id='word_1_234' title='bbox 1275 1940 1422 1979; x_wconf 87' lang='lat' dir='ltr'>culmen</span> <span class='ocrx_word' id='word_1_235' title='bbox 1441 1940 1537 1978; x_wconf 88' lang='lat' dir='ltr'>circa</span> <span class='ocrx_word' id='word_1_236' title='bbox 1557 1953 1664 1978; x_wconf 83' lang='lat' dir='ltr'>anum</span> <span class='ocrx_word' id='word_1_237' title='bbox 1684 1941 1720 1978; x_wconf 89' lang='lat' dir='ltr'>in</span> <span class='ocrx_word' id='word_1_238' title='bbox 1745 1940 1875 1978; x_wconf 80' lang='lat' dir='ltr'>decem</span> <span class='ocrx_word' id='word_1_239' title='bbox 1888 1968 1899 1987; x_wconf 92' lang='lat'>,</span> <span class='ocrx_word' id='word_1_240' title='bbox 1930 1938 2037 1989; x_wconf 88' lang='lat' dir='ltr'>quin-</span> 
     </span>
     <span class='ocr_line' id='line_1_33' title="bbox 547 1997 2037 2049; baseline -0.003 -13"><span class='ocrx_word' id='word_1_241' title='bbox 547 2011 621 2048; x_wconf 87' lang='lat' dir='ltr'>que</span> <span class='ocrx_word' id='word_1_242' title='bbox 638 1998 745 2047; x_wconf 82' lang='lat' dir='ltr'>etiam</span> <span class='ocrx_word' id='word_1_243' title='bbox 768 1999 919 2044; x_wconf 82' lang='lat' dir='ltr'>maiora,</span> <span class='ocrx_word' id='word_1_244' title='bbox 939 1998 1257 2047; x_wconf 81' lang='lat' dir='ltr'>quinqueminora</span> <span class='ocrx_word' id='word_1_245' title='bbox 1267 2009 1479 2049; x_wconf 79' lang='lat' dir='ltr'>pentagona</span> <span class='ocrx_word' id='word_1_246' title='bbox 1491 1997 1644 2035; x_wconf 89' lang='lat' dir='ltr'>diuisum</span> <span class='ocrx_word' id='word_1_247' title='bbox 1666 1998 1729 2046; x_wconf 85' lang='lat' dir='ltr'>cst,</span> <span class='ocrx_word' id='word_1_248' title='bbox 1745 2010 1904 2047; x_wconf 87' lang='lat' dir='ltr'>quorum</span> <span class='ocrx_word' id='word_1_249' title='bbox 1924 2008 2037 2032; x_wconf 78' lang='lat' dir='ltr'>vnum</span> 
     </span>
     <span class='ocr_line' id='line_1_34' title="bbox 547 2053 2039 2106; baseline -0.002 -14"><span class='ocrx_word' id='word_1_250' title='bbox 547 2055 713 2092; x_wconf 87' lang='lat' dir='ltr'>eiusdem</span> <span class='ocrx_word' id='word_1_251' title='bbox 741 2055 886 2092; x_wconf 87' lang='lat' dir='ltr'>videtur</span> <span class='ocrx_word' id='word_1_252' title='bbox 905 2053 973 2090; x_wconf 82' lang='lat' dir='ltr'>esl&#39;e</span> <span class='ocrx_word' id='word_1_253' title='bbox 991 2063 1162 2101; x_wconf 79' lang='lat' dir='ltr'>naturae,</span> <span class='ocrx_word' id='word_1_254' title='bbox 1195 2054 1300 2093; x_wconf 85' lang='lat' dir='ltr'>cuius</span> <span class='ocrx_word' id='word_1_255' title='bbox 1329 2065 1481 2093; x_wconf 87' lang='lat' dir='ltr'>verruca</span> <span class='ocrx_word' id='word_1_256' title='bbox 1496 2053 1536 2092; x_wconf 85' lang='lat' dir='ltr'>in</span> <span class='ocrx_word' id='word_1_257' title='bbox 1555 2053 1706 2103; x_wconf 80' lang='lat' dir='ltr'>Astcriis</span> <span class='ocrx_word' id='word_1_258' title='bbox 1721 2053 2039 2106; x_wconf 83' lang='lat' dir='ltr'>deprehenditur:</span> 
     </span>
     <span class='ocr_line' id='line_1_35' title="bbox 546 2109 1183 2161; baseline -0.002 -11"><span class='ocrx_word' id='word_1_259' title='bbox 546 2110 619 2150; x_wconf 88' lang='lat' dir='ltr'>vid.</span> <span class='ocrx_word' id='word_1_260' title='bbox 637 2111 714 2161; x_wconf 81' lang='lat' dir='ltr'>Fig.</span> <span class='ocrx_word' id='word_1_261' title='bbox 735 2125 768 2153; x_wconf 87' lang='lat'>2.</span> <span class='ocrx_word' id='word_1_262' title='bbox 789 2113 826 2154; x_wconf 86' lang='lat' dir='ltr'>E.</span> <span class='ocrx_word' id='word_1_263' title='bbox 845 2113 882 2151; x_wconf 83' lang='lat' dir='ltr'>F.</span> <span class='ocrx_word' id='word_1_264' title='bbox 903 2109 1021 2150; x_wconf 78' lang='lat' dir='ltr'>tabula</span> <span class='ocrx_word' id='word_1_265' title='bbox 1042 2109 1183 2149; x_wconf 87' lang='lat' dir='ltr'>eadem.</span> 
     </span>
    </p>
   </div>
   <div class='ocr_carea' id='block_1_12' title="bbox 1999 2237 2036 2275">
    <p class='ocr_par' dir='ltr' id='par_1_12' title="bbox 1999 2237 2036 2275">
     <span class='ocr_line' id='line_1_36' title="bbox 1999 2237 2036 2275; baseline 0 0"><span class='ocrx_word' id='word_1_266' title='bbox 1999 2237 2036 2275; x_wconf 92' lang='lat' dir='ltr'>Si</span> 
     </span>
    </p>
   </div>
  </div>
 </body>
</html>
