2242 2930
213 315 361 353 INFRA
391 312 806 354 COMMEMORATA
832 313 1043 352 SCRIPTA
1070 315 1270 361 KLEINII,
1301 316 1581 354 PROSTANT
1614 316 1700 356 ET-

590 391 667 419 IAM
689 390 730 418 m
752 390 939 420 OFFICINA
960 388 1296 421 GLEDITSCfflANA.

307 528 466 567 Historia
485 526 635 578 piscium
653 526 824 565 naturalis
841 529 886 566 V.
904 526 1030 566 Miffus
1047 527 1145 567 med.
1161 540 1200 580 4.
1226 541 1309 567 cum
1335 528 1462 580 figuris
1486 530 1561 569 L11.
1583 531 1695 580 Itemg

210 597 282 636 que
298 583 419 622 Missus
436 597 536 630 2—5.
554 582 710 621 seorfim.
728 596 766 636 4.

307 686 504 724 Stemmata
522 685 637 723 auium
663 685 901 736 quodraginta
927 686 1082 726 Tabulis
1107 686 1231 726 aeneis
1274 699 1405 728 ornata
1430 688 1491 727 lat.
1517 701 1632 741 germ.
1656 699 1695 729 et

207 742 472 781 nomenclator
499 741 646 792 polono
672 742 790 791 1224,

226 897 236 934 l
301 839 532 890 Sciagraphia
557 838 776 889 lithologica
808 839 969 888 curiosa,
997 840 1056 880 [eu
1079 841 1241 893 lapidum
1267 842 1510 894 figuratorum
1531 855 1691 881 nomen·

202 910 224 936 c
241 908 333 935 ator.
363 908 402 947 4.

303 1001 447 1036 Summa
468 998 662 1035 dubiorum
685 996 781 1033 circa
808 995 931 1034 claffes
958 998 1250 1049 Quadrupedurn
1275 1011 1313 1038 et
1338 999 1623 1051 Amphibiorum
1649 1002 1688 1040 in

201 1055 334 1094 Linnei
363 1056 522 1103 Systerna
549 1064 694 1090 naturae
720 1052 790 1090 flue
816 1053 986 1090 natm-alis
1013 1055 1291 1105 quadrupedum
1335 1055 1509 1094 historiae
1531 1070 1688 1106 promo-

201 1113 343 1150 vendae
369 1111 596 1162 prodromus
624 1122 706 1146 cum
732 1108 924 1159 praeludio
957 1110 1004 1147 de
1035 1112 1228 1159 crustam,
1259 1112 1389 1149 adieffi
1420 1112 1599 1150 discursus
1638 1113 1687 1151 de

197 1168 536 1206 Ruminantibus-et
561 1166 608 1203 de
623 1165 786 1216 periodo
814 1165 908 1204 vitae
931 1168 1111 1206 humanae
1159 1167 1313 1207 collado
1360 1179 1444 1206 cum
1467 1169 1588 1207 Brutis
1610 1180 1685 1216 etc„

195 1224 294 1261 med.
322 1236 357 1276 4.

292 1326 351 1362 An
382 1323 699 1374 Tithymaloides‚
725 1324 944 1374 frutescens,
975 1325 1079 1367 foliis
1109 1326 1216 1364 Nerii
1236 1338 1308 1366 etc,
1332 1337 1405 1364 nec
1424 1325 1570 1366 Cacalia
1607 1340 1681 1368 nec

195 1381 465 1421 Cacaliastrurn.
498 1380 597 1422 med,
614 1393 650 1431 4.

297 1481 582 1530 Descriptiones
607 1479 846 1519 Tubulorum
872 1483 1102 1523 marinorum
1130 1484 1250 1523 addita
1268 1485 1319 1522 est
1351 1483 1496 1523 Differt.
1522 1484 1569 1524 de
1592 1486 1678 1525 Pilis

191 1537 352 1579 marinis.
382 1536 479 1576 med.
497 1550 537 1587 4.
