2242 2930
534 229 583 269 33
821 261 824 264 Α
1116 236 1409 264 ΑῡῡιτΛΜεΝτᾸ

532 321 590 357 Eo
628 319 666 357 in
708 318 876 370 angulo,
939 318 1004 369 qui
1045 319 1196 370 reliquis
1236 321 1354 371 magis
1393 324 1616 374 prominet,
1674 337 1825 364 verruca
1871 337 2026 376 compa-

531 387 600 416 ret.

652 456 771 491 Areae
791 452 942 490 decem:
976 452 1012 489 in
1035 453 1200 502 quinque
1217 456 1405 494 maior-ibus
1421 457 1528 495 series
1550 457 1642 495 duae
1659 457 1950 508 longitudinales
1969 469 2025 495 tu-

535 510 797 556 herculei-um,
825 509 1042 546 ambulacris
1077 511 1290 560 proximae,
1320 512 1401 551 sunt
1428 514 1606 550 maximae
1632 526 1668 552 et
1698 514 2025 551 mamxnillatotufln

536 566 830 615 magnitudinem
848 565 925 602 sere
936 565 1139 615 attingunt:
1174 579 1262 615 quas
1281 567 1372 605 duae
1384 570 1585 616 minorum,
1614 570 1802 608 minimam
1817 570 2026 620 cingentes,

535 622 772 659 interiacent.
834 621 975 658 Omnia
998 621 1090 658 haec
1118 622 1327 669 tubercula,
1367 625 1447 675 ipso
1474 625 1577 675 apice
1602 625 1684 663 sunt
1712 625 1922 676 perforata,
1945 650 1953 654 -
1973 626 2026 662 vti

534 678 690 728 papillae
708 676 894 726 sequentis
912 677 1059 727 generis
1076 689 1283 727 eorumque
1301 692 1444 731 mai-go,
1472 681 1532 730 qui
1553 681 1708 730 globulo
1727 681 1880 732 papillae
1897 680 2026 732 proxi-

536 747 597 772 me
609 734 762 775 adiacet,
773 743 944 770 crenatus
957 733 1022 780 est,
1035 745 1150 781 eaque
1163 734 1324 771 minimis
1338 736 1510 785 granulis,
1527 735 1565 774 in
1576 738 1705 774 orbem
1718 738 1860 787 politis,
1871 738 2026 786 cingun-

531 801 605 826 tur.
666 790 783 825 Areae
801 787 966 825 minores
989 799 1077 836 prae
1096 788 1295 826 maioribus
1311 792 1543 840 prominent,
1573 805 1610 829 et
1624 792 1712 830 duas
1731 793 1838 830 series
1858 794 2025 830 eminen-

533 846 665 882 tiarum
685 842 878 880 miliarium
897 842 1088 891 offerunt,
1118 843 1156 882 in
1175 856 1328 894 quarum
1354 847 1481 884 medio
1506 846 1602 885 linea
1627 849 1867 898 granulorum
1894 848 2026 887 serrata

531 901 585 938 est
604 899 734 953 posita.

647 977 862 1016 Ambulacra
876 975 1031 1028 porosa,
1061 975 1100 1013 in
1118 976 1186 1014 basi
1212 978 1281 1017 tria
1307 991 1490 1029 potorum
1515 981 1614 1030 paria
1640 982 1679 1018 in
1709 981 1904 1020 ordinibus
1931 981 2026 1018 obli-

533 1034 620 1084 quis
638 1033 772 1084 posita;
803 1046 880 1083 quo
891 1033 1006 1083 magis
1017 1044 1137 1071 autem
1149 1034 1271 1072 versus
1289 1036 1469 1075 verticem
1481 1036 1725 1086 adscendunt,
1755 1050 1796 1076 ea
1818 1037 2029 1088 angustiora

531 1091 640 1138 fiunt,
665 1100 706 1127 et
721 1090 883 1141 poriper
894 1090 992 1141 paria
1013 1089 1128 1127 locati
1152 1091 1399 1141 reperiuntur.

644 1168 687 1204 In
705 1166 888 1204 interiore
910 1167 999 1204 testa
1016 1166 1301 1217 conspiciuntur
1325 1169 1514 1208 iuuetur-ae
1539 1170 1621 1208 satis
1650 1170 1861 1220 manifeste,
1893 1170 2025 1222 quibus

531 1223 668 1263 scutula
683 1221 707 1260 s.
722 1221 848 1260 affulae
867 1235 1028 1260 arearum
1048 1224 1230 1260 maiorum
1248 1223 1346 1262 inter
1360 1224 1395 1263 se
1415 1227 1621 1265 neeiuntuiu

644 1299 755 1338 Labia
772 1298 849 1337 oris
864 1298 935 1336 late
954 1298 1098 1346 finuofi,
1128 1311 1286 1348 arcuata,
1319 1315 1447 1352 parum
1467 1303 1719 1353 prominentia
1737 1303 1830 1342 stant.
1891 1305 2026 1342 Maxil-

529 1358 709 1408 laefixae,
735 1355 867 1394 lamina
883 1354 980 1392 offea
998 1355 1118 1393 secum
1130 1368 1340 1405 connexae,
1371 1357 1555 1397 subsident
1571 1360 1664 1397 areis
1682 1360 1905 1408 minoribus,
1937 1374 2024 1410 qua-

529 1425 610 1450 rum
631 1425 760 1461 margo
780 1412 832 1449 est
849 1411 1121 1461 emarginatuS,
1147 1411 1307 1464 suntque
1329 1413 1602 1464 subrutuudae,
1627 1415 1814 1455 foramine
1832 1416 2023 1455 semiorbi-

529 1469 642 1506 culari
664 1467 840 1519 pertusae.

646 1543 781 1594 Spin-ae
798 1543 822 1582 s.
840 1544 996 1582 aciculae
1013 1544 1196 1592 minoreS,
1226 1546 1447 1595 substriatae‚
1477 1548 1666 1586 violaceae
1677 1560 1714 1586 et
1731 1549 1912 1588 coeruleo
1922 1551 2024 1588 cine-

534 1613 630 1648 reae,
648 1602 759 1638 testae
773 1601 833 1639 hic
851 1600 1002 1650 illicque
1031 1600 1210 1651 inspersae
1229 1602 1330 1645 sunt;
1361 1617 1456 1654 quae
1478 1617 1602 1644 tamen
1623 1605 1834 1644 min-oribus
1862 1607 2024 1657 granulis

530 1657 656 1695 inlitae
681 1656 803 1704 fuiffe,
835 1668 872 1695 et
896 1656 1055 1694 maiores
1073 1658 1241 1708 perditae
1256 1660 1440 1698 videntur.

647 1735 854 1782 Magnitudo
873 1733 1043 1771 diametri
1058 1736 1307 1774 transuersalis
1324 1749 1456 1788 aequat
1477 1751 1592 1778 vnum
1617 1739 1775 1790 digitum
1804 1753 1889 1779 cum
1915 1733 2034 1779 dimi-³

533 1789 624 1831 dio;
654 1789 859 1828 altitudinis
878 1800 953 1827 tres
973 1789 1077 1827 vuius
1095 1789 1201 1841 digiti
1224 1804 1356 1843 partes.

646 1866 717 1905 His
741 1866 998 1918 subiungamus
1025 1879 1160 1907 mmm
1185 1867 1481 1922 descriptionem
1506 1870 1567 1926 [ex
1595 1872 1716 1924 Museo
1756 1873 1842 1912 Lud.
1883 1873 2022 1914 Vlricae

527 1935 563 1975 p.
584 1937 656 1972 709.

649 2002 684 2039 Ε.
708 2000 1001 2052 hemisphaerico
1025 2000 1210 2053 depreffus
1226 2032 1238 2052 ,
1265 2004 1357 2042 areis
1377 2004 1499 2056 quinis
1532 2005 1772 2055 lanceolatis‚
1803 2007 2020 2048 ambulacris

534 2058 856 2109 longitudinaliter
885 2058 1101 2097 verrucosis.

557 2171 560 2174 ,
651 2135 754 2180 Testa
781 2136 1005 2184 orbiculata,
1046 2136 1278 2187 subglubosa,
1295 2137 1397 2192 supra
1425 2138 1599 2194 depressa,
1618 2141 1790 2181 lateribus
1808 2141 2021 2191 rotundam,

534 2191 656 2244 gibba,
685 2192 796 2244 diuisa
814 2192 852 2232 in
867 2204 979 2241 aream,
1001 2206 1015 2241 5
1033 2193 1264 2235 ambulacris.

1958 2290 2023 2330 Su·
