2242 2930
512 367 1359 422 ADDITAMENTA

902 496 959 517 AD

194 579 383 619 KLEINII
406 576 975 618 LVCVBRATIVNCVLAM
1000 578 1070 616 DE
1098 576 1312 616 ACVLElS
1346 576 1689 620 ECHINORVM.

308 796 367 835 Ad
389 796 422 848 §.
447 810 485 846 4.
516 806 555 835 et
582 808 616 844 5.

311 894 494 946 Equidem
540 895 609 932 iam
655 893 758 945 supra
789 906 826 944 p.
860 905 921 939 24.
950 890 1128 942 quaedam
1155 888 1203 926 de
1228 888 1384 927 internis
1409 891 1551 928 Cidaris
1580 893 1690 942 parti-

199 951 267 990 bus
287 963 334 989 ex
363 963 534 989 nAs'rfizo
586 948 902 988 commemoraui:
957 948 1046 985 vtile
1098 958 1222 983 tamen
1256 945 1428 983 existimo
1453 949 1691 988 recentiores

199 1018 252 1056 et,
282 1007 514 1054 vtvidentu„
543 1001 1420 1057 diligentiorescl.nmpmumobseruationes,
1448 1002 1693 1044 incommsso·

202 1077 279 1102 non.
306 1066 402 1102 Tom.
428 1067 464 1102 V.
482 1075 514 1113 p.
534 1069 602 1110 236.
620 1062 693 1114 seq.
711 1060 907 1113 expolitas,
936 1060 998 1097 hic
1015 1058 1178 1097 breuiter
1198 1056 1403 1098 recensere.

315 1145 405 1182 Oris
418 1144 589 1182 struGtura
599 1143 738 1193 alligata
748 1143 799 1180 est
809 1143 1044 1180 membranae
1054 1137 1282 1186 fortiffimae,
1313 1140 1439 1189 estque
1447 1150 1528 1178 tota
1539 1143 1691 1182 mobilis
1712 1172 1718 1175 Α

202 1211 241 1239 et
257 1201 426 1249 testacea,
455 1201 831 1238 laternamntoossms
844 1211 922 1236 eam
939 1198 1013 1235 dici
1025 1208 1126 1247 putat
1136 1195 1290 1242 Auftor,
1318 1207 1426 1244 quam
1445 1196 1692 1236 aliilaternam

202 1269 454 1296 AiusTOTEms
473 1256 684 1298 nominant,
742 1255 800 1292 Ad
822 1267 929 1304 quam
947 1252 1133 1303 appofitae
1151 1251 1232 1288 sunt
1249 1250 1414 1300 quinque
1432 1251 1568 1301 valum,
1598 1266 1693 1304 quae

201 1311 414 1363 perforatae
432 1311 533 1359 sunt,
565 1322 602 1348 et
618 1323 664 1348 ex
684 1310 755 1362 ipsa
777 1311 866 1348 testa
882 1308 1007 1347 echini
1032 1318 1214 1345 contorta
1244 1306 1430 1344 conflatae
1461 1307 1543 1355 (has
1571 1310 1693 1349 valuas

201 1368 368 1407 maxillas
379 1370 471 1418 fixas
490 1367 682 1418 diximus).
741 1368 780 1404 In
801 1378 953 1415 quarum
974 1363 1102 1401 medio
1123 1362 1284 1413 exsurgit
1301 1362 1436 1400 canalis
1463 1364 1694 1412 cylindricus

203 1424 248 1462 ad
271 1425 378 1462 cibos
405 1423 680 1474 suscipiendos,
712 1422 774 1470 qui
797 1421 883 1469 post
907 1420 1050 1468 aliquot
1066 1418 1384 1464 conuolmiones,
1413 1418 1451 1455 in
1470 1420 1601 1468 quibus
1617 1432 1694 1460 tres

203 1479 369 1516 sacculos
387 1478 513 1526 efficit,
543 1478 605 1527 qui
621 1476 731 1515 veluti
743 1475 905 1513 totidem
922 1473 1118 1513 ventriculi
1137 1472 1238 1522 sunt,-
1262 1473 1395 1513 definit
1410 1474 1454 1513 ad
1473 1474 1626 1515 alterum
1636 1477 1697 1517 fo-

203 1546 344 1580 ramen,
375 1533 481 1583 quod
494 1545 602 1570 anum
621 1531 825 1572 constituit.

319 1614 438 1653 Cibus
454 1613 675 1653 echinorum
691 1613 880 1652 minorum
895 1612 1012 1651 lutum
1032 1610 1256 1663 potiffimum
1273 1612 1423 1651 videtur
1439 1613 1521 1662 esse,
1545 1627 1592 1654 ex
1619 1628 1696 1666 quo

206 1671 336 1725 pilulas
352 1682 486 1722 gerunt
501 1670 541 1708 in
554 1671 629 1710 fine
645 1669 919 1709 intestinorum.
947 1669 1113 1707 Maiores
1129 1668 1264 1706 Echini
1281 1668 1472 1719 filogranis
1485 1671 1696 1714 vescuntur.

319 1752 432 1790 Circa
452 1765 561 1790 anum
578 1753 742 1804 quinque
759 1750 1003 1789 foraminibus
1016 1749 1208 1788 instrudlus
1219 1750 1270 1787 est
1286 1749 1463 1798 Echinus,
1481 1763 1520 1789 vt
1536 1765 1603 1803 per
1628 1767 1693 1792 eo-

208 1822 288 1848 rum
308 1809 440 1858 lingula
457 1808 607 1859 copiosa
626 1823 696 1847 oua
708 1808 966 1853 excludantur,
984 1819 1077 1856 quae
1094 1807 1133 1844 in
1150 1806 1287 1844 ouariis
1313 1806 1458 1856 semper
1484 1808 1691 1858 deprehen-

207 1867 355 1902 duntur.
415 1865 457 1901 ln
475 1875 606 1902 ventre
623 1865 852 1902 Ec‘hinorum
873 1863 958 1900 loca
976 1862 1087 1900 multa
1105 1875 1216 1901 vacua
1237 1863 1471 1915 reperiuntur
1485 1864 1583 1902 inter
1599 1866 1694 1905 iute-

205 1921 295 1959 stina
311 1931 348 1958 et
364 1920 499 1968 ouaria,
528 1933 622 1970 quae
638 1933 729 1971 aqua
747 1919 883 1958 marina
898 1918 981 1957 sunt
994 1918 1142 1958 referta.

318 2004 424 2051 Qiae
439 2001 587 2051 quidem
603 2001 777 2040 stru&ura
792 2011 832 2040 vt
845 2013 896 2040 eo
912 1999 1044 2038 melius
1066 2000 1337 2050 intelligeretur
1358 2006 1376 2039 a
1401 2014 1551 2040 PLANCO
1579 2004 1693 2043 tradi-

208 2068 283 2153 iia?
300 2056 450 2152 ἱῦοῐῑῗῑῃ
466 2059 679 2112 repetimus,
708 2059 794 2099 Tab.
806 2059 970 2107 LIV.fig.
982 2072 1019 2104 4·
1047 2056 1211 2095 Echinus
1229 2057 1359 2106 maior,
1387 2058 1431 2096 ad
1447 2058 1695 2101 horizontem

235 2115 245 2152 i
264 2115 373 2153 ariam
407 2115 517 2156 estus.

964 2239 1030 2280 Bb
1604 2243 1700 2286 AA.

1702 2032 1779 2074 Tabf‘
1788 2036 1863 2073 LIV,
1873 2052 1904 2081 4
