<?xml version="1.0" encoding="UTF-8"?>
<!DOCTYPE html PUBLIC "-//W3C//DTD XHTML 1.0 Transitional//EN"
    "http://www.w3.org/TR/xhtml1/DTD/xhtml1-transitional.dtd">
<html xmlns="http://www.w3.org/1999/xhtml" xml:lang="en" lang="en">
 <head>
  <title>
</title>
<meta http-equiv="Content-Type" content="text/html;charset=utf-8" />
  <meta name='ocr-system' content='tesseract 3.04.00' />
  <meta name='ocr-capabilities' content='ocr_page ocr_carea ocr_par ocr_line ocrx_word'/>
</head>
<body>
  <div class='ocr_page' id='page_1' title='image "./additamentaadjac00lesk_0050.png"; bbox 0 0 2242 2930; ppageno 0'>
   <div class='ocr_carea' id='block_1_1' title="bbox 550 265 1501 313">
    <p class='ocr_par' dir='ltr' id='par_1_1' title="bbox 550 265 1501 313">
     <span class='ocr_line' id='line_1_1' title="bbox 550 265 1501 313; baseline -0.007 -15"><span class='ocrx_word' id='word_1_1' title='bbox 550 269 600 313; x_wconf 75' lang='lat'>28</span> <span class='ocrx_word' id='word_1_2' title='bbox 1128 265 1501 294; x_wconf 65' lang='lat' dir='ltr'>ADDlTAMl-:NTA</span> 
     </span>
    </p>
   </div>
   <div class='ocr_carea' id='block_1_2' title="bbox 569 348 2082 572">
    <p class='ocr_par' dir='ltr' id='par_1_2' title="bbox 569 348 2082 572">
     <span class='ocr_line' id='line_1_2' title="bbox 680 348 2077 401; baseline -0.006 -5"><span class='ocrx_word' id='word_1_3' title='bbox 680 356 778 397; x_wconf 82' lang='lat' dir='ltr'>Tab.</span> <span class='ocrx_word' id='word_1_4' title='bbox 794 367 957 396; x_wconf 77' lang='lat' dir='ltr'>xxxviii.</span> <span class='ocrx_word' id='word_1_5' title='bbox 985 353 1012 392; x_wconf 90' lang='lat' dir='ltr'>f.</span> <span class='ocrx_word' id='word_1_6' title='bbox 1033 368 1067 392; x_wconf 84' lang='lat'>2.</span> <span class='ocrx_word' id='word_1_7' title='bbox 1086 365 1123 391; x_wconf 89' lang='lat' dir='ltr'>ct</span> <span class='ocrx_word' id='word_1_8' title='bbox 1148 367 1180 400; x_wconf 89' lang='lat'>3.</span> <span class='ocrx_word' id='word_1_9' title='bbox 1198 352 1284 391; x_wconf 86' lang='lat' dir='ltr'>fistit</span> <span class='ocrx_word' id='word_1_10' title='bbox 1303 351 1392 390; x_wconf 79' lang='lat' dir='ltr'>duas</span> <span class='ocrx_word' id='word_1_11' title='bbox 1412 351 1604 389; x_wconf 83' lang='lat' dir='ltr'>varietates</span> <span class='ocrx_word' id='word_1_12' title='bbox 1621 349 1734 401; x_wconf 84' lang='lat' dir='ltr'>spinis</span> <span class='ocrx_word' id='word_1_13' title='bbox 1757 348 2008 388; x_wconf 76' lang='lat' dir='ltr'>obtufioribus</span> <span class='ocrx_word' id='word_1_14' title='bbox 2022 361 2077 387; x_wconf 84' lang='lat' dir='ltr'>ar-</span> 
     </span>
     <span class='ocr_line' id='line_1_3' title="bbox 569 405 2081 463; baseline -0.008 -9"><span class='ocrx_word' id='word_1_15' title='bbox 569 426 704 455; x_wconf 83' lang='lat' dir='ltr'>matas:</span> <span class='ocrx_word' id='word_1_16' title='bbox 733 425 885 463; x_wconf 82' lang='lat' dir='ltr'>quarum</span> <span class='ocrx_word' id='word_1_17' title='bbox 904 411 1010 462; x_wconf 84' lang='lat' dir='ltr'>prior</span> <span class='ocrx_word' id='word_1_18' title='bbox 1027 410 1146 461; x_wconf 65' lang='lat' dir='ltr'>spinas</span> <span class='ocrx_word' id='word_1_19' title='bbox 1173 409 1329 447; x_wconf 83' lang='lat' dir='ltr'>obscure</span> <span class='ocrx_word' id='word_1_20' title='bbox 1346 407 1504 455; x_wconf 82' lang='lat' dir='ltr'>virides,</span> <span class='ocrx_word' id='word_1_21' title='bbox 1532 407 1600 444; x_wconf 82' lang='lat' dir='ltr'>bali</span> <span class='ocrx_word' id='word_1_22' title='bbox 1629 407 1791 453; x_wconf 68' lang='lat' dir='ltr'>clamata,</span> <span class='ocrx_word' id='word_1_23' title='bbox 1826 406 1979 455; x_wconf 81' lang='lat' dir='ltr'>quaein</span> <span class='ocrx_word' id='word_1_24' title='bbox 2010 405 2081 456; x_wconf 90' lang='lat' dir='ltr'>spi-</span> 
     </span>
     <span class='ocr_line' id='line_1_4' title="bbox 570 461 2082 518; baseline -0.007 -9"><span class='ocrx_word' id='word_1_25' title='bbox 570 483 615 510; x_wconf 86' lang='lat' dir='ltr'>na</span> <span class='ocrx_word' id='word_1_26' title='bbox 635 471 733 508; x_wconf 66' lang='lat' dir='ltr'>auehi</span> <span class='ocrx_word' id='word_1_27' title='bbox 755 469 818 507; x_wconf 87' lang='lat' dir='ltr'>sub</span> <span class='ocrx_word' id='word_1_28' title='bbox 836 468 895 518; x_wconf 83' lang='lat' dir='ltr'>fig.</span> <span class='ocrx_word' id='word_1_29' title='bbox 919 482 953 506; x_wconf 89' lang='lat'>2.</span> <span class='ocrx_word' id='word_1_30' title='bbox 970 480 1001 508; x_wconf 86' lang='lat' dir='ltr'>a.</span> <span class='ocrx_word' id='word_1_31' title='bbox 1017 465 1268 515; x_wconf 76' lang='lat' dir='ltr'>conspicitur,</span> <span class='ocrx_word' id='word_1_32' title='bbox 1298 464 1408 502; x_wconf 85' lang='lat' dir='ltr'>altera</span> <span class='ocrx_word' id='word_1_33' title='bbox 1425 462 1555 501; x_wconf 89' lang='lat' dir='ltr'>serene</span> <span class='ocrx_word' id='word_1_34' title='bbox 1572 463 1729 509; x_wconf 78' lang='lat' dir='ltr'>virides,</span> <span class='ocrx_word' id='word_1_35' title='bbox 1764 461 1869 512; x_wconf 87' lang='lat' dir='ltr'>apice</span> <span class='ocrx_word' id='word_1_36' title='bbox 1894 462 2082 500; x_wconf 82' lang='lat' dir='ltr'>violaceas</span> 
     </span>
     <span class='ocr_line' id='line_1_5' title="bbox 571 517 1800 572; baseline -0.008 -6"><span class='ocrx_word' id='word_1_37' title='bbox 571 527 698 566; x_wconf 85' lang='lat' dir='ltr'>offert.</span> <span class='ocrx_word' id='word_1_38' title='bbox 758 527 894 564; x_wconf 84' lang='lat' dir='ltr'>leones</span> <span class='ocrx_word' id='word_1_39' title='bbox 911 524 982 562; x_wconf 87' lang='lat' dir='ltr'>hae</span> <span class='ocrx_word' id='word_1_40' title='bbox 1000 536 1046 561; x_wconf 84' lang='lat' dir='ltr'>ex</span> <span class='ocrx_word' id='word_1_41' title='bbox 1072 523 1186 561; x_wconf 71' lang='lat' dir='ltr'>Delie.</span> <span class='ocrx_word' id='word_1_42' title='bbox 1204 532 1325 560; x_wconf 77' lang='lat' dir='ltr'>natur.</span> <span class='ocrx_word' id='word_1_43' title='bbox 1339 519 1482 572; x_wconf 69' lang='lat' dir='ltr'>selec‘lis</span> <span class='ocrx_word' id='word_1_44' title='bbox 1496 519 1683 558; x_wconf 84' lang='lat' dir='ltr'>desumtae</span> <span class='ocrx_word' id='word_1_45' title='bbox 1707 517 1800 557; x_wconf 86' lang='lat' dir='ltr'>sunt.</span> 
     </span>
    </p>
   </div>
   <div class='ocr_carea' id='block_1_3' title="bbox 670 617 1234 671">
    <p class='ocr_par' dir='ltr' id='par_1_3' title="bbox 670 617 1234 671">
     <span class='ocr_line' id='line_1_6' title="bbox 670 617 1234 671; baseline -0.007 -10"><span class='ocrx_word' id='word_1_46' title='bbox 670 622 866 662; x_wconf 88' lang='lat' dir='ltr'>Pertinent</span> <span class='ocrx_word' id='word_1_47' title='bbox 891 620 937 659; x_wconf 86' lang='lat' dir='ltr'>ad</span> <span class='ocrx_word' id='word_1_48' title='bbox 953 619 1050 658; x_wconf 88' lang='lat' dir='ltr'>hauc</span> <span class='ocrx_word' id='word_1_49' title='bbox 1073 617 1234 671; x_wconf 87' lang='lat' dir='ltr'>speciem</span> 
     </span>
    </p>
   </div>
   <div class='ocr_carea' id='block_1_4' title="bbox 570 691 2084 1085">
    <p class='ocr_par' dir='ltr' id='par_1_4' title="bbox 570 691 2084 1085">
     <span class='ocr_line' id='line_1_7' title="bbox 672 691 2082 746; baseline -0.007 -8"><span class='ocrx_word' id='word_1_50' title='bbox 672 701 917 738; x_wconf 55' lang='lat' dir='ltr'>Romamn</span> <span class='ocrx_word' id='word_1_51' title='bbox 937 696 1085 736; x_wconf 81' lang='lat' dir='ltr'><em>Echinus</em></span> <span class='ocrx_word' id='word_1_52' title='bbox 1108 696 1250 735; x_wconf 76' lang='lat' dir='ltr'>ouarius</span> <span class='ocrx_word' id='word_1_53' title='bbox 1266 694 1290 736; x_wconf 91' lang='lat' dir='ltr'>l.</span> <span class='ocrx_word' id='word_1_54' title='bbox 1309 707 1342 732; x_wconf 87' lang='lat' dir='ltr'>e.</span> <span class='ocrx_word' id='word_1_55' title='bbox 1367 706 1404 746; x_wconf 89' lang='lat' dir='ltr'>p.</span> <span class='ocrx_word' id='word_1_56' title='bbox 1424 700 1512 741; x_wconf 86' lang='lat'><strong>578.</strong></span> <span class='ocrx_word' id='word_1_57' title='bbox 1569 693 1724 741; x_wconf 85' lang='lat' dir='ltr'>Forma,</span> <span class='ocrx_word' id='word_1_58' title='bbox 1754 691 1897 742; x_wconf 86' lang='lat' dir='ltr'>inquit,</span> <span class='ocrx_word' id='word_1_59' title='bbox 1930 691 2007 729; x_wconf 87' lang='lat' dir='ltr'>eius</span> <span class='ocrx_word' id='word_1_60' title='bbox 2042 691 2082 728; x_wconf 89' lang='lat' dir='ltr'>in</span> 
     </span>
     <span class='ocr_line' id='line_1_8' title="bbox 572 747 2082 804; baseline -0.008 -8"><span class='ocrx_word' id='word_1_61' title='bbox 572 755 843 796; x_wconf 78' lang='lat' dir='ltr'>rotunditatem</span> <span class='ocrx_word' id='word_1_62' title='bbox 863 754 1093 804; x_wconf 78' lang='lat' dir='ltr'>conglobata</span> <span class='ocrx_word' id='word_1_63' title='bbox 1120 753 1194 798; x_wconf 90' lang='lat' dir='ltr'>est,</span> <span class='ocrx_word' id='word_1_64' title='bbox 1234 751 1385 800; x_wconf 79' lang='lat' dir='ltr'>dempta</span> <span class='ocrx_word' id='word_1_65' title='bbox 1412 762 1481 787; x_wconf 87' lang='lat' dir='ltr'>vna</span> <span class='ocrx_word' id='word_1_66' title='bbox 1508 760 1614 798; x_wconf 84' lang='lat' dir='ltr'>parte</span> <span class='ocrx_word' id='word_1_67' title='bbox 1637 762 1765 798; x_wconf 82' lang='lat' dir='ltr'>parum</span> <span class='ocrx_word' id='word_1_68' title='bbox 1793 747 2015 798; x_wconf 72' lang='lat' dir='ltr'>compressh,</span> <span class='ocrx_word' id='word_1_69' title='bbox 2043 747 2082 785; x_wconf 86' lang='lat' dir='ltr'>in</span> 
     </span>
     <span class='ocr_line' id='line_1_9' title="bbox 572 804 2083 862; baseline -0.006 -13"><span class='ocrx_word' id='word_1_70' title='bbox 572 825 643 862; x_wconf 80' lang='lat' dir='ltr'>qua</span> <span class='ocrx_word' id='word_1_71' title='bbox 662 824 706 848; x_wconf 84' lang='lat' dir='ltr'>os</span> <span class='ocrx_word' id='word_1_72' title='bbox 724 811 776 847; x_wconf 89' lang='lat' dir='ltr'>est</span> <span class='ocrx_word' id='word_1_73' title='bbox 793 809 1010 846; x_wconf 76' lang='lat' dir='ltr'>rotundum.</span> <span class='ocrx_word' id='word_1_74' title='bbox 1067 809 1141 844; x_wconf 84' lang='lat' dir='ltr'>Iam</span> <span class='ocrx_word' id='word_1_75' title='bbox 1165 807 1335 844; x_wconf 82' lang='lat' dir='ltr'>(lentium</span> <span class='ocrx_word' id='word_1_76' title='bbox 1352 804 1564 842; x_wconf 52' lang='lat' dir='ltr'>struciuram</span> <span class='ocrx_word' id='word_1_77' title='bbox 1589 804 1764 841; x_wconf 80' lang='lat' dir='ltr'>describit</span> <span class='ocrx_word' id='word_1_78' title='bbox 1779 832 1789 851; x_wconf 88' lang='lat'>,</span> <span class='ocrx_word' id='word_1_79' title='bbox 1819 804 1867 840; x_wconf 89' lang='lat' dir='ltr'>de</span> <span class='ocrx_word' id='word_1_80' title='bbox 1892 817 1959 853; x_wconf 78' lang='lat' dir='ltr'>qua</span> <span class='ocrx_word' id='word_1_81' title='bbox 1979 804 2083 853; x_wconf 84' lang='lat' dir='ltr'>plura</span> 
     </span>
     <span class='ocr_line' id='line_1_10' title="bbox 571 858 2079 912; baseline -0.005 -8"><span class='ocrx_word' id='word_1_82' title='bbox 571 867 667 905; x_wconf 81' lang='lat' dir='ltr'>infra</span> <span class='ocrx_word' id='word_1_83' title='bbox 684 866 865 903; x_wconf 80' lang='lat' dir='ltr'><strong>dicemus.</strong></span> <span class='ocrx_word' id='word_1_84' title='bbox 947 861 1127 912; x_wconf 60' lang='lat' dir='ltr'>Depic&#39;tus</span> <span class='ocrx_word' id='word_1_85' title='bbox 1154 874 1308 912; x_wconf 81' lang='lat' dir='ltr'>quoque</span> <span class='ocrx_word' id='word_1_86' title='bbox 1332 859 1471 897; x_wconf 78' lang='lat' dir='ltr'>ibidem</span> <span class='ocrx_word' id='word_1_87' title='bbox 1491 859 1542 896; x_wconf 86' lang='lat' dir='ltr'>est</span> <span class='ocrx_word' id='word_1_88' title='bbox 1560 858 1715 896; x_wconf 85' lang='lat' dir='ltr'>echinus</span> <span class='ocrx_word' id='word_1_89' title='bbox 1731 888 1742 906; x_wconf 92' lang='lat'>,</span> <span class='ocrx_word' id='word_1_90' title='bbox 1773 861 1811 896; x_wconf 85' lang='lat' dir='ltr'>in</span> <span class='ocrx_word' id='word_1_91' title='bbox 1832 859 1920 897; x_wconf 68' lang='lat' dir='ltr'>(luas</span> <span class='ocrx_word' id='word_1_92' title='bbox 1953 871 2079 909; x_wconf 79' lang='lat' dir='ltr'>partes</span> 
     </span>
     <span class='ocr_line' id='line_1_11' title="bbox 574 915 2084 969; baseline -0.006 -9"><span class='ocrx_word' id='word_1_93' title='bbox 574 922 762 969; x_wconf 60' lang='lat' dir='ltr'>diffefius,</span> <span class='ocrx_word' id='word_1_94' title='bbox 795 931 835 957; x_wconf 87' lang='lat' dir='ltr'>vt</span> <span class='ocrx_word' id='word_1_95' title='bbox 856 919 1023 956; x_wconf 82' lang='lat' dir='ltr'>internae</span> <span class='ocrx_word' id='word_1_96' title='bbox 1041 930 1162 969; x_wconf 79' lang='lat' dir='ltr'>partes</span> <span class='ocrx_word' id='word_1_97' title='bbox 1186 917 1455 965; x_wconf 79' lang='lat' dir='ltr'>intelligantur:</span> <span class='ocrx_word' id='word_1_98' title='bbox 1503 927 1596 964; x_wconf 86' lang='lat' dir='ltr'>quae</span> <span class='ocrx_word' id='word_1_99' title='bbox 1626 915 1825 961; x_wconf 79' lang='lat' dir='ltr'>quomodo</span> <span class='ocrx_word' id='word_1_100' title='bbox 1852 915 2084 953; x_wconf 65' lang='lat' dir='ltr'>coiistruc&#39;iae</span> 
     </span>
     <span class='ocr_line' id='line_1_12' title="bbox 572 970 2083 1024; baseline -0.005 -8"><span class='ocrx_word' id='word_1_101' title='bbox 572 979 642 1017; x_wconf 83' lang='lat' dir='ltr'>sint</span> <span class='ocrx_word' id='word_1_102' title='bbox 660 979 838 1015; x_wconf 68' lang='lat' dir='ltr'>Krfflmvs</span> <span class='ocrx_word' id='word_1_103' title='bbox 865 989 911 1013; x_wconf 84' lang='lat' dir='ltr'>ex</span> <span class='ocrx_word' id='word_1_104' title='bbox 931 977 1215 1020; x_wconf 58' lang='lat' dir='ltr'>Rorx‘nsstmio,</span> <span class='ocrx_word' id='word_1_105' title='bbox 1239 975 1293 1024; x_wconf 84' lang='lat'>(§.</span> <span class='ocrx_word' id='word_1_106' title='bbox 1309 986 1348 1019; x_wconf 84' lang='lat'>4.</span> <span class='ocrx_word' id='word_1_107' title='bbox 1368 971 1417 1009; x_wconf 87' lang='lat' dir='ltr'>de</span> <span class='ocrx_word' id='word_1_108' title='bbox 1434 971 1526 1009; x_wconf 88' lang='lat' dir='ltr'>acul.</span> <span class='ocrx_word' id='word_1_109' title='bbox 1545 970 1663 1008; x_wconf 79' lang='lat' dir='ltr'>Ecliin</span> <span class='ocrx_word' id='word_1_110' title='bbox 1681 983 1760 1021; x_wconf 80' lang='lat' dir='ltr'>pag.</span> <span class='ocrx_word' id='word_1_111' title='bbox 1778 986 1844 1018; x_wconf 73' lang='lat'>40.</span> <span class='ocrx_word' id='word_1_112' title='bbox 1864 971 1954 1009; x_wconf 84' lang='lat' dir='ltr'>edit.</span> <span class='ocrx_word' id='word_1_113' title='bbox 1982 971 2083 1022; x_wconf 85' lang='lat' dir='ltr'>prio-</span> 
     </span>
     <span class='ocr_line' id='line_1_13' title="bbox 570 1026 1429 1085; baseline -0.006 -13"><span class='ocrx_word' id='word_1_114' title='bbox 570 1036 645 1084; x_wconf 76' lang='lat' dir='ltr'>ris,</span> <span class='ocrx_word' id='word_1_115' title='bbox 672 1046 709 1072; x_wconf 90' lang='lat' dir='ltr'>et</span> <span class='ocrx_word' id='word_1_116' title='bbox 724 1046 805 1085; x_wconf 81' lang='lat' dir='ltr'>pag.</span> <span class='ocrx_word' id='word_1_117' title='bbox 828 1043 886 1081; x_wconf 86' lang='lat'>33.</span> <span class='ocrx_word' id='word_1_118' title='bbox 906 1032 994 1072; x_wconf 87' lang='lat' dir='ltr'>edit.</span> <span class='ocrx_word' id='word_1_119' title='bbox 1021 1031 1192 1081; x_wconf 82' lang='lat' dir='ltr'>nostrae)</span> <span class='ocrx_word' id='word_1_120' title='bbox 1221 1026 1429 1081; x_wconf 81' lang='lat' dir='ltr'>proposuit.</span> 
     </span>
    </p>
   </div>
   <div class='ocr_carea' id='block_1_5' title="bbox 574 1124 2084 1235">
    <p class='ocr_par' dir='ltr' id='par_1_5' title="bbox 574 1124 2084 1235">
     <span class='ocr_line' id='line_1_14' title="bbox 689 1124 2084 1180; baseline -0.006 -11"><span class='ocrx_word' id='word_1_121' title='bbox 689 1131 896 1170; x_wconf 59' lang='lat' dir='ltr'>Gcsmsnvs</span> <span class='ocrx_word' id='word_1_122' title='bbox 920 1130 962 1168; x_wconf 81' lang='lat' dir='ltr'>de</span> <span class='ocrx_word' id='word_1_123' title='bbox 977 1129 1137 1180; x_wconf 84' lang='lat' dir='ltr'>aquatill.</span> <span class='ocrx_word' id='word_1_124' title='bbox 1151 1139 1187 1177; x_wconf 88' lang='lat' dir='ltr'>p.</span> <span class='ocrx_word' id='word_1_125' title='bbox 1212 1132 1285 1174; x_wconf 77' lang='lat'><em>416.</em></span> <span class='ocrx_word' id='word_1_126' title='bbox 1313 1137 1350 1164; x_wconf 86' lang='lat' dir='ltr'>et</span> <span class='ocrx_word' id='word_1_127' title='bbox 1381 1126 1668 1163; x_wconf 62' lang='lat' dir='ltr'>Arnnovauovs</span> <span class='ocrx_word' id='word_1_128' title='bbox 1694 1124 1736 1162; x_wconf 81' lang='lat' dir='ltr'>de</span> <span class='ocrx_word' id='word_1_129' title='bbox 1767 1124 1876 1161; x_wconf 80' lang='lat' dir='ltr'>anim.</span> <span class='ocrx_word' id='word_1_130' title='bbox 1904 1124 2084 1174; x_wconf 82' lang='lat' dir='ltr'>exanguib.</span> 
     </span>
     <span class='ocr_line' id='line_1_15' title="bbox 574 1184 1426 1235; baseline -0.009 -8"><span class='ocrx_word' id='word_1_131' title='bbox 574 1189 634 1228; x_wconf 82' lang='lat' dir='ltr'>lib.</span> <span class='ocrx_word' id='word_1_132' title='bbox 655 1189 724 1226; x_wconf 88' lang='lat' dir='ltr'><em>III.</em></span> <span class='ocrx_word' id='word_1_133' title='bbox 741 1189 783 1225; x_wconf 76' lang='lat' dir='ltr'>de</span> <span class='ocrx_word' id='word_1_134' title='bbox 796 1186 914 1233; x_wconf 71' lang='lat' dir='ltr'>testae.</span> <span class='ocrx_word' id='word_1_135' title='bbox 925 1198 963 1235; x_wconf 82' lang='lat' dir='ltr'>p.</span> <span class='ocrx_word' id='word_1_136' title='bbox 983 1199 1058 1232; x_wconf 85' lang='lat'><em>402.</em></span> <span class='ocrx_word' id='word_1_137' title='bbox 1085 1184 1216 1221; x_wconf 82' lang='lat' dir='ltr'>eadem</span> <span class='ocrx_word' id='word_1_138' title='bbox 1237 1193 1426 1234; x_wconf 85' lang='lat' dir='ltr'>repetunt.</span> 
     </span>
    </p>
   </div>
   <div class='ocr_carea' id='block_1_6' title="bbox 573 1255 2086 1649">
    <p class='ocr_par' dir='ltr' id='par_1_6' title="bbox 573 1255 2086 1649">
     <span class='ocr_line' id='line_1_16' title="bbox 691 1255 2083 1312; baseline -0.006 -10"><span class='ocrx_word' id='word_1_139' title='bbox 691 1265 844 1302; x_wconf 61' lang='lat' dir='ltr'>Stoma</span> <span class='ocrx_word' id='word_1_140' title='bbox 862 1261 938 1307; x_wconf 70' lang='lat' dir='ltr'>hisi.</span> <span class='ocrx_word' id='word_1_141' title='bbox 956 1261 1000 1312; x_wconf 85' lang='lat' dir='ltr'>of</span> <span class='ocrx_word' id='word_1_142' title='bbox 1010 1260 1164 1299; x_wconf 77' lang='lat' dir='ltr'>lamaica</span> <span class='ocrx_word' id='word_1_143' title='bbox 1186 1259 1258 1299; x_wconf 82' lang='lat' dir='ltr'>Vol.</span> <span class='ocrx_word' id='word_1_144' title='bbox 1277 1261 1324 1297; x_wconf 92' lang='lat' dir='ltr'>II.</span> <span class='ocrx_word' id='word_1_145' title='bbox 1337 1268 1371 1308; x_wconf 86' lang='lat' dir='ltr'>p.</span> <span class='ocrx_word' id='word_1_146' title='bbox 1391 1263 1466 1300; x_wconf 80' lang='lat'>268.</span> <span class='ocrx_word' id='word_1_147' title='bbox 1484 1268 1511 1294; x_wconf 85' lang='lat' dir='ltr'>t.</span> <span class='ocrx_word' id='word_1_148' title='bbox 1531 1255 1659 1306; x_wconf 82' lang='lat' dir='ltr'><em>244.f.</em></span> <span class='ocrx_word' id='word_1_149' title='bbox 1679 1268 1745 1296; x_wconf 87' lang='lat'><em>1.2.</em></span> <span class='ocrx_word' id='word_1_150' title='bbox 1760 1268 1792 1300; x_wconf 77' lang='lat'>3.</span> <span class='ocrx_word' id='word_1_151' title='bbox 1822 1256 1986 1293; x_wconf 81' lang='lat' dir='ltr'>Echinus</span> <span class='ocrx_word' id='word_1_152' title='bbox 2011 1268 2083 1294; x_wconf 82' lang='lat' dir='ltr'>ma·</span> 
     </span>
     <span class='ocr_line' id='line_1_17' title="bbox 576 1311 2082 1368; baseline -0.006 -10"><span class='ocrx_word' id='word_1_153' title='bbox 576 1321 699 1368; x_wconf 81' lang='lat' dir='ltr'>rinus,</span> <span class='ocrx_word' id='word_1_154' title='bbox 723 1320 848 1356; x_wconf 88' lang='lat' dir='ltr'>minor</span> <span class='ocrx_word' id='word_1_155' title='bbox 865 1316 1071 1364; x_wconf 82' lang='lat' dir='ltr'>rotundus,</span> <span class='ocrx_word' id='word_1_156' title='bbox 1104 1315 1238 1363; x_wconf 81' lang='lat' dir='ltr'>elatus,</span> <span class='ocrx_word' id='word_1_157' title='bbox 1278 1314 1415 1352; x_wconf 76' lang='lat' dir='ltr'>aculeis</span> <span class='ocrx_word' id='word_1_158' title='bbox 1433 1312 1710 1363; x_wconf 80' lang='lat' dir='ltr'>gracilioribuS,</span> <span class='ocrx_word' id='word_1_159' title='bbox 1743 1312 1895 1361; x_wconf 71' lang='lat' dir='ltr'>asperis,</span> <span class='ocrx_word' id='word_1_160' title='bbox 1930 1311 2082 1361; x_wconf 84' lang='lat' dir='ltr'>longio-</span> 
     </span>
     <span class='ocr_line' id='line_1_18' title="bbox 575 1368 2081 1424; baseline -0.005 -11"><span class='ocrx_word' id='word_1_161' title='bbox 575 1377 699 1424; x_wconf 81' lang='lat' dir='ltr'>ribus,</span> <span class='ocrx_word' id='word_1_162' title='bbox 728 1374 996 1424; x_wconf 85' lang='lat' dir='ltr'>nigricantibus</span> <span class='ocrx_word' id='word_1_163' title='bbox 1014 1372 1189 1410; x_wconf 82' lang='lat' dir='ltr'>donatus.</span> <span class='ocrx_word' id='word_1_164' title='bbox 1279 1371 1470 1419; x_wconf 85' lang='lat' dir='ltr'>Qlantum</span> <span class='ocrx_word' id='word_1_165' title='bbox 1496 1381 1543 1405; x_wconf 87' lang='lat' dir='ltr'>ex</span> <span class='ocrx_word' id='word_1_166' title='bbox 1568 1368 1693 1417; x_wconf 78' lang='lat' dir='ltr'>figuris</span> <span class='ocrx_word' id='word_1_167' title='bbox 1719 1368 1963 1405; x_wconf 65' lang='lat' dir='ltr'>conieelurari</span> <span class='ocrx_word' id='word_1_168' title='bbox 1992 1369 2081 1408; x_wconf 89' lang='lat' dir='ltr'>licet</span> 
     </span>
     <span class='ocr_line' id='line_1_19' title="bbox 573 1423 2081 1478; baseline -0.009 -8"><span class='ocrx_word' id='word_1_169' title='bbox 573 1432 682 1470; x_wconf 80' lang='lat' dir='ltr'>vuius</span> <span class='ocrx_word' id='word_1_170' title='bbox 701 1443 785 1468; x_wconf 82' lang='lat' dir='ltr'>cuni</span> <span class='ocrx_word' id='word_1_171' title='bbox 805 1429 929 1467; x_wconf 81' lang='lat' dir='ltr'>nostra</span> <span class='ocrx_word' id='word_1_172' title='bbox 951 1429 1033 1466; x_wconf 87' lang='lat' dir='ltr'>sunt</span> <span class='ocrx_word' id='word_1_173' title='bbox 1053 1425 1206 1478; x_wconf 87' lang='lat' dir='ltr'>speciei:</span> <span class='ocrx_word' id='word_1_174' title='bbox 1228 1426 1276 1464; x_wconf 86' lang='lat' dir='ltr'>-id</span> <span class='ocrx_word' id='word_1_175' title='bbox 1295 1438 1419 1464; x_wconf 83' lang='lat' dir='ltr'>tamen</span> <span class='ocrx_word' id='word_1_176' title='bbox 1436 1436 1509 1461; x_wconf 79' lang='lat' dir='ltr'>nos</span> <span class='ocrx_word' id='word_1_177' title='bbox 1537 1424 1672 1460; x_wconf 78' lang='lat' dir='ltr'>dubios</span> <span class='ocrx_word' id='word_1_178' title='bbox 1691 1423 1835 1470; x_wconf 83' lang='lat' dir='ltr'>reddit,</span> <span class='ocrx_word' id='word_1_179' title='bbox 1870 1423 1975 1473; x_wconf 86' lang='lat' dir='ltr'>quod</span> <span class='ocrx_word' id='word_1_180' title='bbox 2008 1425 2081 1463; x_wconf 81' lang='lat' dir='ltr'>ela.</span> 
     </span>
     <span class='ocr_line' id='line_1_20' title="bbox 579 1478 2086 1536; baseline -0.007 -11"><span class='ocrx_word' id='word_1_181' title='bbox 579 1494 658 1535; x_wconf 80' lang='lat' dir='ltr'>tus‘,</span> <span class='ocrx_word' id='word_1_182' title='bbox 689 1498 727 1524; x_wconf 86' lang='lat' dir='ltr'>et</span> <span class='ocrx_word' id='word_1_183' title='bbox 746 1485 868 1536; x_wconf 81' lang='lat' dir='ltr'>spinae</span> <span class='ocrx_word' id='word_1_184' title='bbox 886 1485 1058 1533; x_wconf 78' lang='lat' dir='ltr'>longiores</span> <span class='ocrx_word' id='word_1_185' title='bbox 1075 1483 1258 1524; x_wconf 75' lang='lat' dir='ltr'>dicantur,</span> <span class='ocrx_word' id='word_1_186' title='bbox 1314 1480 1393 1531; x_wconf 88' lang='lat' dir='ltr'>lpse</span> <span class='ocrx_word' id='word_1_187' title='bbox 1421 1480 1482 1518; x_wconf 87' lang='lat' dir='ltr'>Cl.</span> <span class='ocrx_word' id='word_1_188' title='bbox 1507 1480 1659 1516; x_wconf 69' lang='lat' dir='ltr'>SLOANE</span> <span class='ocrx_word' id='word_1_189' title='bbox 1687 1478 1849 1527; x_wconf 78' lang='lat' dir='ltr'>dubitat,</span> <span class='ocrx_word' id='word_1_190' title='bbox 1885 1492 1929 1516; x_wconf 74' lang='lat' dir='ltr'>an</span> <span class='ocrx_word' id='word_1_191' title='bbox 1958 1480 2002 1517; x_wconf 85' lang='lat' dir='ltr'>ad</span> <span class='ocrx_word' id='word_1_192' title='bbox 2027 1483 2086 1519; x_wconf 72' lang='lat' dir='ltr'>Ci-</span> 
     </span>
     <span class='ocr_line' id='line_1_21' title="bbox 579 1535 2084 1591; baseline -0.003 -10"><span class='ocrx_word' id='word_1_193' title='bbox 579 1544 724 1591; x_wconf 72' lang='grc' dir='ltr'>αἀνεηι,</span> <span class='ocrx_word' id='word_1_194' title='bbox 763 1554 872 1590; x_wconf 88' lang='lat' dir='ltr'>quam</span> <span class='ocrx_word' id='word_1_195' title='bbox 893 1542 980 1578; x_wconf 71' lang='lat' dir='ltr'>Tah.</span> <span class='ocrx_word' id='word_1_196' title='bbox 1000 1553 1075 1586; x_wconf 80' lang='lat'><em>243.</em></span> <span class='ocrx_word' id='word_1_197' title='bbox 1099 1537 1281 1589; x_wconf 61' lang='lat' dir='ltr'>depielarn</span> <span class='ocrx_word' id='word_1_198' title='bbox 1298 1536 1471 1583; x_wconf 82' lang='lat' dir='ltr'>tradidit,</span> <span class='ocrx_word' id='word_1_199' title='bbox 1501 1547 1519 1572; x_wconf 86' lang='lat' dir='ltr'>a</span> <span class='ocrx_word' id='word_1_200' title='bbox 1541 1535 1602 1573; x_wconf 84' lang='lat' dir='ltr'>Cl.</span> <span class='ocrx_word' id='word_1_201' title='bbox 1629 1547 1706 1572; x_wconf 70' lang='lat' dir='ltr'>vAN</span> <span class='ocrx_word' id='word_1_202' title='bbox 1739 1535 1913 1574; x_wconf 61' lang='lat' dir='ltr'>1³:121„va</span> <span class='ocrx_word' id='word_1_203' title='bbox 1943 1538 2084 1576; x_wconf 84' lang='lat' dir='ltr'>Cometa</span> 
     </span>
     <span class='ocr_line' id='line_1_22' title="bbox 579 1591 1738 1649; baseline -0.007 -12"><span class='ocrx_word' id='word_1_204' title='bbox 579 1612 708 1649; x_wconf 82' lang='lat' dir='ltr'>magna</span> <span class='ocrx_word' id='word_1_205' title='bbox 721 1597 868 1645; x_wconf 56' lang='lat' dir='ltr'>dieram,</span> <span class='ocrx_word' id='word_1_206' title='bbox 892 1595 1091 1647; x_wconf 82' lang='lat' dir='ltr'>pertineat,</span> <span class='ocrx_word' id='word_1_207' title='bbox 1122 1606 1161 1632; x_wconf 88' lang='lat' dir='ltr'>et</span> <span class='ocrx_word' id='word_1_208' title='bbox 1186 1594 1308 1632; x_wconf 87' lang='lat' dir='ltr'>iunius</span> <span class='ocrx_word' id='word_1_209' title='bbox 1327 1593 1367 1630; x_wconf 80' lang='lat' dir='ltr'>lit</span> <span class='ocrx_word' id='word_1_210' title='bbox 1398 1591 1550 1639; x_wconf 81' lang='lat' dir='ltr'>animal,</span> <span class='ocrx_word' id='word_1_211' title='bbox 1580 1603 1654 1628; x_wconf 88' lang='lat' dir='ltr'>uec</span> <span class='ocrx_word' id='word_1_212' title='bbox 1677 1603 1738 1629; x_wconf 88' lang='lat' dir='ltr'>ne.</span> 
     </span>
    </p>
   </div>
   <div class='ocr_carea' id='block_1_7' title="bbox 564 1688 2086 2028">
    <p class='ocr_par' dir='ltr' id='par_1_7' title="bbox 564 1688 2086 2028">
     <span class='ocr_line' id='line_1_23' title="bbox 693 1688 2084 1741; baseline -0.002 -8"><span class='ocrx_word' id='word_1_213' title='bbox 693 1696 859 1733; x_wconf 66' lang='lat' dir='ltr'>Rvmpnu</span> <span class='ocrx_word' id='word_1_214' title='bbox 877 1693 991 1741; x_wconf 84' lang='lat' dir='ltr'>icon,</span> <span class='ocrx_word' id='word_1_215' title='bbox 1022 1705 1039 1729; x_wconf 81' lang='lat' dir='ltr'>a</span> <span class='ocrx_word' id='word_1_216' title='bbox 1067 1692 1229 1729; x_wconf 72' lang='lat' dir='ltr'>Kuzimo</span> <span class='ocrx_word' id='word_1_217' title='bbox 1246 1690 1355 1728; x_wconf 85' lang='lat' dir='ltr'>citata</span> <span class='ocrx_word' id='word_1_218' title='bbox 1380 1689 1453 1728; x_wconf 86' lang='lat' dir='ltr'>hue</span> <span class='ocrx_word' id='word_1_219' title='bbox 1480 1701 1560 1727; x_wconf 87' lang='lat' dir='ltr'>non</span> <span class='ocrx_word' id='word_1_220' title='bbox 1593 1688 1766 1738; x_wconf 83' lang='lat' dir='ltr'>pertinet.</span> <span class='ocrx_word' id='word_1_221' title='bbox 1824 1689 1938 1727; x_wconf 79' lang='lat' dir='ltr'>Forte</span> <span class='ocrx_word' id='word_1_222' title='bbox 1962 1702 2084 1730; x_wconf 85' lang='lat' dir='ltr'>autem</span> 
     </span>
     <span class='ocr_line' id='line_1_24' title="bbox 564 1745 2086 1798; baseline -0.001 -11"><span class='ocrx_word' id='word_1_223' title='bbox 564 1751 656 1790; x_wconf 18' lang='lat' dir='ltr'>*huc</span> <span class='ocrx_word' id='word_1_224' title='bbox 672 1750 892 1788; x_wconf 87' lang='lat' dir='ltr'>referendus</span> <span class='ocrx_word' id='word_1_225' title='bbox 912 1749 963 1785; x_wconf 86' lang='lat' dir='ltr'>est</span> <span class='ocrx_word' id='word_1_226' title='bbox 980 1749 1127 1786; x_wconf 62' lang='lat' dir='ltr'>schinus</span> <span class='ocrx_word' id='word_1_227' title='bbox 1144 1748 1243 1795; x_wconf 75' lang='lat' dir='ltr'>niger</span> <span class='ocrx_word' id='word_1_228' title='bbox 1260 1747 1429 1783; x_wconf 71' lang='lat' dir='ltr'>Rvmmiu</span> <span class='ocrx_word' id='word_1_229' title='bbox 1450 1746 1629 1783; x_wconf 75' lang='lat' dir='ltr'>amboinis.</span> <span class='ocrx_word' id='word_1_230' title='bbox 1642 1755 1680 1794; x_wconf 88' lang='lat' dir='ltr'>p.</span> <span class='ocrx_word' id='word_1_231' title='bbox 1696 1757 1742 1789; x_wconf 78' lang='lat'>31.</span> <span class='ocrx_word' id='word_1_232' title='bbox 1760 1746 1822 1782; x_wconf 86' lang='lat' dir='ltr'><em>III.</em></span> <span class='ocrx_word' id='word_1_233' title='bbox 1852 1745 1988 1784; x_wconf 86' lang='lat' dir='ltr'>dicitur</span> <span class='ocrx_word' id='word_1_234' title='bbox 2003 1759 2086 1798; x_wconf 81' lang='lat' dir='ltr'>par-</span> 
     </span>
     <span class='ocr_line' id='line_1_25' title="bbox 580 1799 2083 1854; baseline -0.004 -9"><span class='ocrx_word' id='word_1_235' title='bbox 580 1819 647 1846; x_wconf 90' lang='lat' dir='ltr'>vus</span> <span class='ocrx_word' id='word_1_236' title='bbox 660 1836 671 1854; x_wconf 92' lang='lat'>,</span> <span class='ocrx_word' id='word_1_237' title='bbox 698 1805 937 1850; x_wconf 74' lang='lat' dir='ltr'>orbicularis,</span> <span class='ocrx_word' id='word_1_238' title='bbox 966 1804 1074 1841; x_wconf 76' lang='lat' dir='ltr'>instar</span> <span class='ocrx_word' id='word_1_239' title='bbox 1092 1802 1231 1850; x_wconf 75' lang='lat' dir='ltr'>globuli</span> <span class='ocrx_word' id='word_1_240' title='bbox 1251 1801 1426 1848; x_wconf 81' lang='lat' dir='ltr'>vestiarii,</span> <span class='ocrx_word' id='word_1_241' title='bbox 1455 1800 1589 1838; x_wconf 83' lang='lat' dir='ltr'>colore</span> <span class='ocrx_word' id='word_1_242' title='bbox 1608 1799 1814 1849; x_wconf 72' lang='lat' dir='ltr'>nigricante</span> <span class='ocrx_word' id='word_1_243' title='bbox 1836 1800 1895 1837; x_wconf 89' lang='lat' dir='ltr'>seu</span> <span class='ocrx_word' id='word_1_244' title='bbox 1914 1802 2083 1851; x_wconf 83' lang='lat' dir='ltr'>cinereo,</span> 
     </span>
     <span class='ocr_line' id='line_1_26' title="bbox 579 1855 2085 1910; baseline -0.005 -10"><span class='ocrx_word' id='word_1_245' title='bbox 579 1862 690 1900; x_wconf 86' lang='lat' dir='ltr'>radiis</span> <span class='ocrx_word' id='word_1_246' title='bbox 718 1872 844 1900; x_wconf 86' lang='lat' dir='ltr'>tamen</span> <span class='ocrx_word' id='word_1_247' title='bbox 882 1860 1014 1897; x_wconf 83' lang='lat' dir='ltr'>decem</span> <span class='ocrx_word' id='word_1_248' title='bbox 1048 1857 1285 1910; x_wconf 70' lang='lat' dir='ltr'>(ambulacra</span> <span class='ocrx_word' id='word_1_249' title='bbox 1320 1856 1409 1894; x_wconf 80' lang='lat' dir='ltr'>haut</span> <span class='ocrx_word' id='word_1_250' title='bbox 1439 1856 1551 1893; x_wconf 88' lang='lat' dir='ltr'>dubie</span> <span class='ocrx_word' id='word_1_251' title='bbox 1584 1855 1787 1907; x_wconf 80' lang='lat' dir='ltr'>intelligit)</span> <span class='ocrx_word' id='word_1_252' title='bbox 1823 1855 2085 1906; x_wconf 77' lang='lat' dir='ltr'>serenioribus,</span> 
     </span>
     <span class='ocr_line' id='line_1_27' title="bbox 579 1910 2083 1965; baseline -0.007 -9"><span class='ocrx_word' id='word_1_253' title='bbox 579 1918 754 1956; x_wconf 90' lang='lat' dir='ltr'>breuibus</span> <span class='ocrx_word' id='word_1_254' title='bbox 773 1928 812 1955; x_wconf 88' lang='lat' dir='ltr'>et</span> <span class='ocrx_word' id='word_1_255' title='bbox 828 1916 1015 1954; x_wconf 74' lang='lat' dir='ltr'>subtilibus</span> <span class='ocrx_word' id='word_1_256' title='bbox 1041 1915 1171 1965; x_wconf 78' lang='lat' dir='ltr'>spini5‚</span> <span class='ocrx_word' id='word_1_257' title='bbox 1195 1913 1304 1950; x_wconf 79' lang='lat' dir='ltr'>instar</span> <span class='ocrx_word' id='word_1_258' title='bbox 1326 1910 1500 1958; x_wconf 80' lang='lat' dir='ltr'>setarum,</span> <span class='ocrx_word' id='word_1_259' title='bbox 1529 1910 1704 1947; x_wconf 79' lang='lat' dir='ltr'>munitus.</span> <span class='ocrx_word' id='word_1_260' title='bbox 1763 1911 1875 1948; x_wconf 84' lang='lat' dir='ltr'>Testa</span> <span class='ocrx_word' id='word_1_261' title='bbox 1898 1912 1949 1950; x_wconf 87' lang='lat' dir='ltr'>est</span> <span class='ocrx_word' id='word_1_262' title='bbox 1971 1913 2083 1963; x_wconf 79' lang='lat' dir='ltr'>stagi-</span> 
     </span>
     <span class='ocr_line' id='line_1_28' title="bbox 578 1966 2081 2028; baseline -0.003 -16"><span class='ocrx_word' id='word_1_263' title='bbox 578 1974 649 2028; x_wconf 75' lang='lat' dir='ltr'>lis,</span> <span class='ocrx_word' id='word_1_264' title='bbox 678 1973 867 2012; x_wconf 86' lang='lat' dir='ltr'>inuenitur</span> <span class='ocrx_word' id='word_1_265' title='bbox 881 1973 920 2009; x_wconf 85' lang='lat' dir='ltr'>in</span> <span class='ocrx_word' id='word_1_266' title='bbox 940 1972 1028 2009; x_wconf 85' lang='lat' dir='ltr'>Siuu</span> <span class='ocrx_word' id='word_1_267' title='bbox 1047 1968 1277 2008; x_wconf 84' lang='lat' dir='ltr'>Amboinico</span> <span class='ocrx_word' id='word_1_268' title='bbox 1298 1967 1397 2006; x_wconf 85' lang='lat' dir='ltr'>cirea</span> <span class='ocrx_word' id='word_1_269' title='bbox 1416 1970 1544 2006; x_wconf 74' lang='lat' dir='ltr'>leoema</span> <span class='ocrx_word' id='word_1_270' title='bbox 1568 1967 1670 2015; x_wconf 75' lang='lat' dir='ltr'>Tiga,</span> <span class='ocrx_word' id='word_1_271' title='bbox 1696 1967 1733 2003; x_wconf 86' lang='lat' dir='ltr'>in</span> <span class='ocrx_word' id='word_1_272' title='bbox 1754 1966 1880 2017; x_wconf 70' lang='lat' dir='ltr'>littore</span> <span class='ocrx_word' id='word_1_273' title='bbox 1899 1967 2081 2020; x_wconf 75' lang='lat' dir='ltr'>lapidoso,</span> 
     </span>
    </p>
   </div>
   <div class='ocr_carea' id='block_1_8' title="bbox 575 2063 2084 2175">
    <p class='ocr_par' dir='ltr' id='par_1_8' title="bbox 575 2063 2084 2175">
     <span class='ocr_line' id='line_1_29' title="bbox 675 2063 2084 2116; baseline -0.003 -7"><span class='ocrx_word' id='word_1_274' title='bbox 675 2073 916 2110; x_wconf 72' lang='lat' dir='ltr'>KvNoMANN.</span> <span class='ocrx_word' id='word_1_275' title='bbox 936 2069 1068 2106; x_wconf 73' lang='lat' dir='ltr'>rarior.</span> <span class='ocrx_word' id='word_1_276' title='bbox 1090 2078 1165 2105; x_wconf 80' lang='lat' dir='ltr'>nat.</span> <span class='ocrx_word' id='word_1_277' title='bbox 1182 2077 1217 2105; x_wconf 79' lang='lat' dir='ltr'>et</span> <span class='ocrx_word' id='word_1_278' title='bbox 1233 2076 1307 2104; x_wconf 86' lang='lat' dir='ltr'>art.</span> <span class='ocrx_word' id='word_1_279' title='bbox 1321 2078 1358 2116; x_wconf 86' lang='lat' dir='ltr'>p.</span> <span class='ocrx_word' id='word_1_280' title='bbox 1368 2078 1428 2112; x_wconf 86' lang='lat'>97.</span> <span class='ocrx_word' id='word_1_281' title='bbox 1445 2076 1473 2103; x_wconf 90' lang='lat' dir='ltr'>t.</span> <span class='ocrx_word' id='word_1_282' title='bbox 1499 2066 1538 2103; x_wconf 88' lang='lat' dir='ltr'>V.</span> <span class='ocrx_word' id='word_1_283' title='bbox 1548 2063 1584 2115; x_wconf 87' lang='lat' dir='ltr'>f.</span> <span class='ocrx_word' id='word_1_284' title='bbox 1603 2077 1641 2103; x_wconf 89' lang='lat'>11.</span> <span class='ocrx_word' id='word_1_285' title='bbox 1654 2063 1816 2102; x_wconf 86' lang='lat' dir='ltr'>Echinus</span> <span class='ocrx_word' id='word_1_286' title='bbox 1835 2064 1970 2116; x_wconf 81' lang='lat' dir='ltr'>fuscus,</span> <span class='ocrx_word' id='word_1_287' title='bbox 2000 2080 2084 2107; x_wconf 83' lang='lat' dir='ltr'>acu·</span> 
     </span>
     <span class='ocr_line' id='line_1_30' title="bbox 575 2126 1044 2175; baseline -0.006 -10"><span class='ocrx_word' id='word_1_288' title='bbox 575 2126 643 2167; x_wconf 84' lang='lat' dir='ltr'>leis</span> <span class='ocrx_word' id='word_1_289' title='bbox 658 2126 835 2166; x_wconf 88' lang='lat' dir='ltr'>munitus.</span> <span class='ocrx_word' id='word_1_290' title='bbox 852 2126 912 2175; x_wconf 84' lang='lat' dir='ltr'>fig.</span> <span class='ocrx_word' id='word_1_291' title='bbox 932 2126 1044 2163; x_wconf 84' lang='lat' dir='ltr'>bona.</span> 
     </span>
    </p>
   </div>
   <div class='ocr_carea' id='block_1_9' title="bbox 575 2219 2083 2371">
    <p class='ocr_par' dir='ltr' id='par_1_9' title="bbox 575 2219 2083 2371">
     <span class='ocr_line' id='line_1_31' title="bbox 676 2219 2083 2271; baseline -0.004 -8"><span class='ocrx_word' id='word_1_292' title='bbox 676 2225 902 2263; x_wconf 67' lang='lat' dir='ltr'>GVALTOERI</span> <span class='ocrx_word' id='word_1_293' title='bbox 918 2224 989 2261; x_wconf 78' lang='lat' dir='ltr'>tuh.</span> <span class='ocrx_word' id='word_1_294' title='bbox 1007 2235 1076 2267; x_wconf 85' lang='lat'><em>107.</em></span> <span class='ocrx_word' id='word_1_295' title='bbox 1085 2224 1153 2271; x_wconf 78' lang='lat' dir='ltr'>fig.</span> <span class='ocrx_word' id='word_1_296' title='bbox 1179 2220 1229 2258; x_wconf 92' lang='lat' dir='ltr'>G.</span> <span class='ocrx_word' id='word_1_297' title='bbox 1245 2219 1296 2258; x_wconf 77' lang='lat' dir='ltr'>H,</span> <span class='ocrx_word' id='word_1_298' title='bbox 1314 2220 1341 2260; x_wconf 86' lang='grc' dir='ltr'>Ι.</span> <span class='ocrx_word' id='word_1_299' title='bbox 1357 2219 1400 2259; x_wconf 86' lang='lat' dir='ltr'>L.</span> <span class='ocrx_word' id='word_1_300' title='bbox 1419 2220 1470 2257; x_wconf 90' lang='lat' dir='ltr'>N.</span> <span class='ocrx_word' id='word_1_301' title='bbox 1496 2219 1579 2257; x_wconf 84' lang='lat' dir='ltr'>bene</span> <span class='ocrx_word' id='word_1_302' title='bbox 1597 2219 1745 2267; x_wconf 63' lang='lat' dir='ltr'>depifflas</span> <span class='ocrx_word' id='word_1_303' title='bbox 1763 2219 1955 2257; x_wconf 68' lang='lat' dir='ltr'>varietates</span> <span class='ocrx_word' id='word_1_304' title='bbox 1974 2220 2083 2261; x_wconf 69' lang='lat' dir='ltr'>liuius</span> 
     </span>
     <span class='ocr_line' id='line_1_32' title="bbox 575 2275 2082 2335; baseline -0.005 -14"><span class='ocrx_word' id='word_1_305' title='bbox 575 2280 714 2335; x_wconf 82' lang='lat' dir='ltr'>speciei</span> <span class='ocrx_word' id='word_1_306' title='bbox 730 2280 855 2328; x_wconf 81' lang='lat' dir='ltr'>tradit,</span> <span class='ocrx_word' id='word_1_307' title='bbox 875 2278 1034 2317; x_wconf 83' lang='lat' dir='ltr'>nomine</span> <span class='ocrx_word' id='word_1_308' title='bbox 1049 2278 1146 2316; x_wconf 84' lang='lat' dir='ltr'>hoc:</span> <span class='ocrx_word' id='word_1_309' title='bbox 1165 2275 1641 2326; x_wconf 72' lang='lat' dir='ltr'>Echinometrafitbrotunda,</span> <span class='ocrx_word' id='word_1_310' title='bbox 1655 2275 1796 2326; x_wconf 78' lang='lat' dir='ltr'>papillis</span> <span class='ocrx_word' id='word_1_311' title='bbox 1810 2275 2015 2314; x_wconf 83' lang='lat' dir='ltr'>minoribus</span> <span class='ocrx_word' id='word_1_312' title='bbox 2027 2278 2082 2314; x_wconf 77' lang='lat' dir='ltr'>di-</span> 
     </span>
     <span class='ocr_line' id='line_1_33' title="bbox 2001 2345 2080 2371; baseline 0 0"><span class='ocrx_word' id='word_1_313' title='bbox 2001 2345 2080 2371; x_wconf 77' lang='lat' dir='ltr'>ver·</span> 
     </span>
    </p>
   </div>
  </div>
 </body>
</html>
