2242 2930
325 394 403 426 Τὼ.
412 395 487 428 le,
497 405 524 436 4.

326 2024 410 2060 spec.
425 2018 522 2050 ΧΧΠ.

329 2060 528 2102 Ciafarisflnm-

369 2116 435 2135 mea.

329 2148 403 2179 Tab.
421 2147 457 2176 Χ.
467 2146 504 2176 A.

535 236 591 277 34
1096 230 1388 260 mmmmm-n

648 321 825 360 Pmucvs
848 318 885 356 in
902 329 1080 357 comment.
1106 317 1228 354 Bonan.
1247 314 1269 352 Ι.
1285 326 1313 353 c.
1339 328 1374 365 p,
1394 319 1460 360 236.
1483 315 1554 353 tab.
1566 312 1596 354 ἰ.
1615 314 1653 366 f
1667 328 1706 361 4.
1717 312 1752 361 '5.
1772 312 1930 364 quamin
1945 311 2022 351 Ta·

538 379 622 418 bula
657 379 750 415 LlV.
811 375 837 413 f.
868 389 907 421 4,
938 372 1158 425 repetimus:
1197 370 1476 410 obseruationes
1509 370 1557 407 de
1578 371 1751 409 struem-ra
1777 369 1960 407 afiularurn
1983 367 2026 405 in

540 437 611 474 hac
629 433 750 486 specie
765 431 938 478 instituit,
969 442 1060 480 quae
1086 429 1126 466 Ei
1144 427 1381 466 Echinometra
1408 439 1556 475 magna,
1590 428 1676 465 melo
1711 427 1874 465 marinus
1899 423 2026 462 nomi-

540 503 646 539 nata,
663 488 823 526 dicitur.
881 488 1017 533 Areas,
1046 497 1134 535 quas
1149 482 1326 534 triangula
1344 495 1473 530 vocat,
1504 495 1542 521 et
1559 483 1719 520 maiores
1738 494 1776 520 et
1801 481 1967 518 minores
1984 479 2026 516 in

541 547 630 584 duas
648 544 762 583 diuidi
789 542 891 594 posse
910 553 1031 592 partes
1063 539 1245 586 ostendit,
1286 551 1378 588 quae
1403 538 1649 576 denticulatae
1675 537 1781 585 sunt,
1820 548 1858 574 et
1881 547 2026 587 partem

540 613 725 652 quamque
748 598 890 636 dimidii
917 596 1085 646 trianguli
1105 593 1266 633 totidem
1296 593 1519 644 heptagonis
1549 596 1719 632 constare
1751 591 2024 643 irregularibus.

539 660 642 696 Duas
667 655 764 693 enim
781 664 903 704 partes
920 653 1086 690 laterales
1104 649 1288 701 parallelas
1306 650 1466 687 omnino
1482 650 1624 697 iacere,
1652 662 1691 688 vt
1709 663 1749 687 ea
1765 650 1803 687 in
1819 659 1936 699 parte,
1962 647 2024 684 vbi

541 712 818 751 connefflunmr
838 721 922 745 cum
944 709 1014 744 alio
1033 706 1232 754 triangulo,
1249 705 1365 742 tribus
1381 705 1555 742 lateribus
1579 707 1727 743 constet
1746 705 2023 755 heptagonum;

541 772 579 806 in
600 781 638 805 ea
658 779 748 803 vero
765 775 890 815 parte,
921 764 978 800 vbi
996 761 1146 798 dimidia
1171 760 1350 809 triangula
1381 761 1602 810 nefiuntur,
1632 761 1709 798 duo
1741 772 1885 798 tantum
1912 759 2023 796 latera

540 821 721 875 poffideat
739 821 1007 869 heptagonum.
1071 817 1121 853 At
1146 827 1236 852 vero
1256 827 1303 852 ex
1318 815 1431 864 figura
1447 826 1550 865 patet
1579 815 1676 853 hanc
1704 816 1915 854 struuumm
1952 813 2023 851 esse

543 891 685 916 tantum
710 875 824 914 affulis
841 885 1004 912 arearum
1025 872 1206 909 maiorum
1230 871 1440 921 propriam,
1477 870 1516 906 in
1540 871 1748 910 minoribus
1772 871 1872 910 enim
1897 869 2024 909 affulae

541 944 778 987 pentagonae
796 942 833 969 et
849 930 1069 980 hexagonae
1077 927 1270 966 alternant.
1280 927 1353 965 vid.
1362 926 1564 966 Tab.L1v.
1582 926 1610 971 f.
1626 931 1665 968 6.

655 1032 747 1069 Vm
778 1030 911 1066 Parus.
918 1038 950 1077 p.
969 1035 1021 1070 28·
1039 1040 1094 1064 no.
1112 1034 1159 1069 18.
1181 1023 1367 1075 Sardische
1380 1026 1560 1074 Zet-egel.
1590 1025 1738 1064 Cidatis
1767 1024 1927 1064 sardica.
1952 1023 2027 1062 Po·

539 1089 595 1127 nit
611 1088 696 1140 post
709 1088 803 1125 hanc
821 1085 925 1122 aliam
943 1083 1102 1135 speciem
1123 1082 1322 1129 Nordicam,
1340 1081 1383 1119 ad
1403 1094 1513 1132 quam
1529 1081 1644 1121 refert
1674 1080 1852 1130 Semthel?
1864 1081 1928 1119 III.
1949 1080 2023 1119 tab.

543 1160 589 1186 η.
608 1144 645 1196 f.
656 1158 690 1189 9.
722 1154 815 1193 quae
833 1152 960 1179 tamen
976 1139 1022 1176 ad
1039 1138 1195 1189 primam
1214 1137 1374 1188 speciem
1395 1137 1585 1189 pertinere
1608 1137 1763 1176 videtur.
1823 1138 1924 1175 Nam
1947 1134 2025 1186 spe-

542 1201 679 1239 cimina
703 1198 843 1238 cidaris
873 1196 1065 1245 esculentae
1094 1193 1233 1231 maiora
1261 1193 1358 1232 adeo
1385 1193 1468 1232 sunt
1493 1193 1691 1232 euidenter
1709 1192 1872 1241 assulata,
1898 1203 1938 1231 vt
1955 1191 2026 1229 hae

539 1257 579 1295 in
594 1269 634 1294 re
672 1253 831 1293 omnino
848 1264 932 1289 cum
955 1251 1028 1301 ‘hac
1051 1249 1175 1300 specie·
1189 1249 1431 1292 conueniant,
1489 1247 1676 1288 Differunt
1694 1260 1816 1287 autern
1843 1248 1967 1299 primo
1985 1246 2026 1284 fi-

545 1325 652 1363 gura,
681 1322 774 1361 quae
792 1307 907 1358 magis
926 1308 970 1345 ad
989 1305 1218 1344 conoideam
1236 1305 1401 1352 accedit,
1430 1317 1498 1342 ore
1515 1305 1645 1343 maiori
1662 1305 1842 1354 aliterque
1856 1304 2025 1342 constru-

543 1369 620 1416 ἃο,
649 1365 850 1405 tuberculis
868 1362 1134 1407 crebrioribus,
1151 1373 1227 1398 nec
1245 1360 1286 1398 in
1297 1360 1405 1398 reftis
1421 1360 1581 1400 seriebus
1600 1360 1741 1412 posuis,
1752 1371 1790 1399 et
1806 1358 2028 1399 ambulacris

540 1424 656 1463 tribus
674 1432 856 1475 potorum
874 1419 1020 1471 paribus
1037 1416 1200 1468 pertufis.

650 1534 711 1573 Ad
739 1533 774 1584 ξ.
806 1545 870 1580 30.
926 1530 1020 1568 Tab.
1048 1531 1095 1569 X.
1130 1530 1174 1568 A.
1206 1529 1347 1568 Cidms
1368 1528 1565 1581 flammea.

654 1632 812 1670 Lrsrmu
829 1629 1073 1680 synonymon
1099 1627 1143 1664 ab
1161 1625 1326 1665 Auum-e
1361 1627 1436 1665 huc
1461 1627 1617 1666 relatum
1652 1639 1735 1666 non
1773 1626 1939 1679 pertinet
1980 1627 2029 1666 ad

542 1689 642 1728 hanc
656 1687 836 1738 speciem,
864 1684 887 1722 fi
905 1696 945 1721 ea
962 1695 1092 1721 reuera
1114 1695 1131 1719 a
1149 1683 1265 1733 prima
1275 1683 1421 1722 Cidaris
1439 1683 1589 1722 miliaris
1606 1682 1729 1735 speeie
1745 1684 1886 1722 differt:
1900 1696 2028 1734 quern·

544 1743 748 1782 admodum
769 1754 814 1778 ex
827 1741 940 1778 icone
958 1750 996 1776 et
1014 1738 1276 1789 speciminibus
1293 1751 1310 1776 a
1328 1752 1388 1777 me
1404 1739 1484 1777 vifis
1503 1740 1748 1778 eamomnino
1761 1739 1892 1778 differe
1910 1751 2026 1791 patet.

543 1802 632 1839 Duo
649 1798 724 1837 vidi
734 1795 1018 1847 exempla,quae
1042 1794 1156 1832 huica
1176 1795 1337 1832 KmNio
1351 1795 1455 1832 datae
1474 1794 1716 1845 delcriptioni
1731 1807 1770 1833 et
1790 1796 1895 1833 iconi
1904 1795 2029 1834 omni-

538 1869 591 1895 no
612 1853 884 1900 conuenirem,
911 1851 951 1889 in
967 1850 1093 1889 museo
1126 1849 1497 1899 CLGoLnflAGENu,
1512 1863 1719 1901 eorumque
1736 1850 2028 1902 descriptionem

538 1913 601 1952 hie
616 1911 839 1961 subiungam.

657 2011 694 2048 T
691 2008 761 2054 ella
784 2005 1006 2055 colorisssest
1031 2004 1203 2043 oliuaceo
1229 2003 1378 2052 viridis,
1416 2003 1618 2042 tuberculis
1656 2003 1951 2054 ambulacrisque
1980 2006 2032 2045 al·

545 2066 764 2106 bidioribus.
824 2063 954 2113 Figura
975 2060 1212 2109 orbicularis,
1243 2061 1380 2098 ambitu
1407 2059 1582 2099 leuiffime
1606 2059 1770 2112 firmato,
1797 2059 2030 2114 hemisphae-

543 2124 618 2163 rica
634 2122 657 2163 s.
677 2121 818 2162 vertice
834 2117 1018 2172 depresso,
1037 2116 1302 2168 magnitudinis
1315 2116 1470 2156 mediae.

1915 2233 2035 2271 Areae
