2242 2930
551 213 601 252 36
1131 217 1420 243 amomum-ra

551 307 702 343 minoi-as
718 302 839 356 paullo
858 301 1077 341 eleuatiotes
1097 300 1200 349 sunt,
1231 314 1268 340 et
1285 304 1402 341 tribus
1426 301 1585 340 seriebus
1606 301 1886 340 tuberculorum
1910 300 2048 339 oblitae

553 363 715 401 suerunt.

667 437 883 477 Ambulacra
895 433 1101 485 p0r0fi1‚tri·]
1121 448 1302 486 porosum
1314 435 1596 487 paria,0bliquis
1615 434 1924 473 adscendentibus
1935 445 2053 472 trans-

557 494 666 533 versis
691 493 885 532 ordinibus
902 491 1018 542 polita
1044 490 1222 532 offerunt,

674 574 724 609 Os
742 567 1013 608 subrotundum
1027 596 1036 614 ,
1062 566 1236 606 lenissime
1250 568 1441 606 fimiosum.
1499 569 1569 607 Am·
1587 568 1754 618 squamae
1773 566 1904 604 desunt
1927 566 2052 605 inhoc

560 627 780 677 specimine,
808 635 845 662 et
860 624 951 661 loco
971 635 1093 660 earum
1115 623 1287 661 foramen
1324 624 1532 662 orbiculare
1557 635 1670 676 patet.
1727 624 1863 662 Testae
1894 623 2051 661 ambitus

561 685 614 721 est
641 680 857 720 orbicularis
873 690 912 717 et
923 678 1195 728 subaugulosus.

675 757 793 795 Etiam
809 756 902 791 haec
921 755 973 790 est
991 755 1108 791 rarior
1125 754 1278 804 species.
1336 756 1524 794 Indicarur
1543 757 1580 793 in
1605 759 1684 794 San.
1714 756 1800 805 thes
1815 758 1879 795 m.
1905 769 1930 795 t.
1949 759 1991 794 X.
2013 755 2052 806 f.

562 828 600 859 [ς.
617 825 650 863 ρ.
668 827 718 850 20.
777 809 943 848 Echinus
963 809 1125 847 marinus
1143 810 1427 858 coerulescens,
1459 811 1583 849 subtus
1602 823 1639 849 et
1656 811 1757 863 supra
1773 813 2053 851 flauescentibus

562 870 672 908 radiis
694 878 859 906 ornatu&

679 945 838 984 GVALT.
861 942 933 989 tel}-
952 954 980 981 t.
999 955 1066 989 107.
1081 944 1116 981 F.
1139 943 1408 984 Echinometra
1433 945 1659 996 compreffa,
1687 944 1926 992 subrotunda,
1943 944 2056 995 papil-

565 1003 611 1040 lis
629 1001 838 1040 minoribus
858 1000 895 1037 in
916 999 1081 1049 quinque
1098 998 1201 1038 elatis
1216 1000 1326 1039 radiis
1346 1000 1522 1040 viridibus
1539 1001 1663 1050 diuisa,
1686 1011 1724 1039 et
1740 1001 1778 1039 in
1798 1000 1963 1052 quinque
1979 999 2055 1038 aliis

564 1057 808 1098 albicantibus
832 1055 1007 1094 distincla.

680 1135 769 1174 VAN
787 1132 931 1172 Pam:
935 1143 972 1182 p.
988 1140 1037 1176 28·
1051 1132 1107 1184 sp.
1118 1147 1159 1174 12.
1170 1134 1423 1185 Bontgeflakte
1436 1138 1519 1175 Zee-
1531 1136 1617 1185 egel.

684 1246 746 1285 Ad
775 1245 809 1294 §.
841 1245 1236 1297 32.Cidarispustulosa.
1272 1248 1359 1291 Tab.
1385 1250 1457 1287 XI.
1485 1251 1530 1287 A.
1552 1249 1593 1286 B.
1612 1249 1652 1286 C.
1675 1250 1722 1288 D.

357 1341 558 1394 svpecssxw.
685 1343 798 1382 Rene
813 1343 1026 1391 varietates,
1052 1357 1124 1381 nec
1140 1344 1300 1393 species,
1332 1344 1594 1382 existimandae
1613 1344 1714 1391 sunt,
1743 1345 1811 1383 hac
1826 1346 2056 1397 paragrapho

358 1384 542 1466 (Adstaz'ſjgsssu
576 1411 787 1440 enumerata
805 1399 1018 1450 specimina:
1051 1400 1109 1437 vel
1127 1400 1250 1438 saltem
1269 1413 1341 1438 var.
1369 1418 1403 1438 α.
1422 1414 1460 1437 et
1482 1401 1518 1445 ,2.
1539 1400 1619 1438 suut
1644 1403 1835 1439 varietates
1863 1402 1924 1439 sibi
1947 1403 2060 1439 maxi-

577 1470 638 1495 me
653 1456 906 1506 propinquae,
932 1456 1042 1502 ita,vt
1059 1455 1162 1506 plura
1180 1455 1366 1493 indiuidua
1385 1456 1553 1501 viderim,
1571 1469 1663 1505 quae
1681 1457 1816 1494 eodem
1835 1459 1913 1494 iure
1923 1458 2062 1508 poliint

577 1513 623 1552 ad
642 1511 797 1563 primam
834 1511 891 1549 vel
918 1510 1067 1549 alteram
1093 1511 1305 1549 varietatem
1324 1512 1465 1549 referri.
1524 1512 1626 1549 Nulli
1646 1514 1744 1549 enim
1764 1513 1845 1551 sunt
1869 1513 2005 1550 limites
2023 1515 2062 1550 in

573 1567 783 1618 frequentia
799 1567 1100 1615 tuberculorum,
1132 1580 1256 1617 neque
1275 1567 1339 1604 alia
1362 1567 1444 1606 sunt
1470 1567 1564 1618 signa
1590 1568 1899 1616 charmei-istim,
1927 1570 2061 1619 quibus

571 1639 590 1664 a
612 1625 649 1663 se
666 1623 829 1661 inuicem
847 1623 1109 1661 discernantur.
1167 1623 1377 1673 Coniungo
1396 1625 1519 1674 itaque
1548 1624 1613 1662 has
1648 1624 1737 1662 duas
1762 1625 1979 1673 varietates,
2007 1639 2063 1664 ea-

574 1692 732 1729 rumque
749 1691 871 1730 partes
897 1680 998 1718 iuxta
1011 1678 1223 1731 specimina,
1250 1679 1289 1716 in
1308 1680 1438 1719 muscis
1461 1682 1650 1720 Trieriano
1666 1693 1704 1720 et
1720 1681 1907 1721 Linckiano
1926 1683 2063 1734 reperi-

573 1736 693 1783 unda,
717 1735 931 1774 describam.

362 1847 441 1883 τεὼ.
456 1847 506 1877 xi.
529 1845 570 1876 A.
729 1831 936 1883 Defiriptio.

407 1891 437 1919 Β·
469 1888 505 1919 C.
703 1911 740 1949 T
736 1909 805 1959 esta
821 1909 1022 1949 tenerioris
1038 1908 1257 1955 stru6lurae5
1283 1911 1383 1950 Color
1405 1911 1530 1950 bruno
1563 1912 1757 1961 cinereus,
1785 1925 1912 1964 parum
1946 1915 1984 1954 in
2009 1928 2069 1954 ru-

582 1968 690 2006 brum
709 1967 912 2015 inclinans,
939 1966 1033 2006 areis
1049 1966 1258 2006 minoribus
1277 1967 1534 2017 dilatioribus,
1557 1969 1627 2008 bafi
1649 1969 1765 2019 magis
1782 1969 1919 2020 albida,
1942 1972 2067 2010 tuber-

582 2023 676 2061 culis
691 2023 886 2061 subrubris.

700 2102 820 2138 Areae
838 2099 983 2139 decem.
1039 2101 1082 2139 In
1100 2099 1290 2142 maioribus
1307 2101 1533 2141 eminentiae
1548 2102 1586 2141 in
1609 2102 1718 2141 lineis
1749 2103 1982 2151 transuersis,
2011 2117 2073 2155 pa-

585 2168 668 2196 rum
687 2156 870 2209 obliquis,
899 2157 949 2197 ita
969 2156 1115 2198 locatae
1131 2158 1235 2208 sunt,
1263 2170 1303 2198 vt
1321 2158 1483 2212 primum
1511 2160 1685 2213 proxime
1707 2173 1726 2200 a
1751 2160 1894 2200 vertice
1906 2159 1975 2199 'sibi
1995 2160 2074 2199 suc-

1941 2217 2078 2256 cedant
