2242 2930
517 269 548 308 11
1119 268 1436 302 PRAEr-A'mo.

519 375 634 406 mum
654 361 764 410 fore,
797 370 939 398 mens-11
958 353 1104 405 verba,
1130 357 1319 405 nomina,
1348 366 1389 397 et
1406 352 1692 411 descriptiones
1719 352 1865 397 int-asta
1884 356 2017 396 etim·

520 429 678 463 mutata
702 416 957 472 relinquere,
986 423 1131 469 atque,
1161 425 1265 468 quae
1292 410 1506 462 adderem,
1537 412 1743 467 separatim
1768 425 2016 468 proponere.

521 478 561 518 Si
579 478 687 517 enim
734 486 820 514 mea
860 485 1000 510 KLEINH
1033 468 1166 511 verbis
1187 468 1470 518 immiscerem‚
1500 468 1666 510 videbar
1689 468 1786 510 mihi
1811 481 1909 522 erga
1931 481 2018 509 ma-

520 547 592 576 nes
611 529 803 573 Aufi‘coris
822 525 1033 583 dignissimi
1056 526 1198 567 iniuste
1215 538 1356 581 agere:
1385 525 1413 567 si
1442 536 1581 566 autem
1601 538 1691 565 mea
1715 525 1924 581 separatim
1946 524 2020 566 ad-

521 590 684 638 derem,
717 589 838 627 etiam
863 587 908 624 iis
933 582 1192 625 consulturus
1220 583 1362 631 elsem,
1400 584 1469 638 qui
1495 584 1677 636 priorem
1707 596 1845 621 namn
1873 580 2019 622 editio-

519 659 616 688 nem
637 647 714 684 iam
732 640 994 698 possiderent.
1055 640 1097 680 ln
1116 638 1401 681 additamentis
1420 648 1559 679 autem
1578 639 1675 679 meis
1695 651 1743 679 eo
1766 637 2019 693 potiffimum

519 701 695 755 respexi,
726 709 771 739 vt
793 697 1071 752 species-veras
1089 706 1130 736 et
1145 697 1342 751 genuinas
1360 693 1592 743 definirem,
1624 695 1929 750 earundemque
1948 693 2022 734 de-

516 758 754 812 scriptiones
775 755 987 795 vberiores
1006 763 1046 792 et
1066 754 1339 792 accuratiores
1357 750 1672 805 suppeditarem,
1703 760 1825 807 atque
1844 753 2022 808 synony-

516 828 583 856 ma
598 810 828 853 Αιιᾶοευιη
844 818 886 848 et
902 810 1038 848 icones
1055 805 1130 847 suis
1147 808 1246 847 locis
1264 806 1557 847 adscriberem:
1587 818 1711 862 atque
1729 820 1821 848 cum
1841 810 2021 863 petrefa-

518 869 582 911 &a
599 868 867 914 Ecfflnoru-m,
892 861 1017 914 refilae,
1049 873 1095 904 vt
1108 861 1325 911 videntur,
1354 876 1377 902 a
1401 875 1558 901 nmmo
1585 862 1698 903 fimul
1718 863 1840 906 eslent
1859 862 1940 904 huc
1958 877 2022 905 re-

519 923 868 968 lata;eadcmnon
886 920 1014 962 solum
1035 917 1239 973 descripsi,
1267 917 1318 958 ad
1338 917 1402 958 sua
1426 929 1605 974 protypa
1628 918 1792 975 redegi,
1823 931 1947 976 atque
1964 920 2024 964 di-

517 981 757 1025 versitatum
776 980 968 1026 rationes,
995 985 1195 1032 quantum
1213 972 1299 1014 fieri
1318 985 1499 1029 poterat,
1532 974 1734 1030 et·lapidis
1755 987 1940 1017 naturam
1961 976 2024 1020 lo-

519 1052 648 1095 caque
663 1036 823 1087 natalia,
852 1033 919 1074 vbi
932 1032 1072 1074 eadem
1087 1031 1330 1082 constarent,
1347 1029 1534 1082 indicaui,
1563 1044 1709 1074 verum
1727 1032 1849 1073 etiam
1864 1045 1972 1076 noua
1981 1044 2024 1076 et

520 1109 543 1137 a
560 1108 715 1136 KLEINlo
731 1089 975 1149 praeteruisa
992 1086 1140 1147 addidi.

638 1205 753 1262 Quae
771 1204 937 1258 quidem
957 1215 1052 1243 cum
1075 1198 1186 1243 reo-e
1206 1198 1367 1241 efficere
1386 1200 1589 1242 studerem
1603 1234 1613 1251 ‚
1644 1200 1740 1244 sensi
1755 1214 1952 1259 magnum
1983 1217 2026 1250 et

521 1261 727 1309 difficilem
748 1258 1038 1308 eflfflaborem,
1069 1270 1194 1314 quem
1215 1255 1468 1313 susceperim,
1496 1257 1747 1300 Cont'erendi
1774 1249 1878 1301 enim
1908 1273 2025 1304 erant

518 1322 610 1380 plus
636 1331 755 1377 quam
773 1326 938 1357 centum
951 1328 991 1356 et
1011 1315 1180 1369 triginta
1196 1312 1299 1364 libri,
1337 1313 1450 1371 quod
1469 1313 1585 1370 mihi,
1611 1328 1686 1371 per
1701 1317 1877 1372 inopiam
1896 1317 2025 1361 libro-

520 1391 636 1426 rum,
668 1386 791 1430 atque
819 1374 1026 1414 raritatem
1053 1383 1228 1427 operum
1253 1372 1456 1411 maiorum
1487 1370 1561 1411 hac
1585 1373 1624 1412 in
1650 1372 1775 1419 vrbe,
1806 1377 2025 1418 maximam

522 1446 664 1477 curam
684 1427 935 1485 imponebat.
995 1425 1243 1483 Conquifitis
1262 1438 1302 1468 et
1318 1426 1450 1467 secum
1469 1427 1623 1469 collatis
1644 1440 1781 1470 autem
1810 1429 1872 1470 his
1901 1431 2024 1483 libris,

521 1490 602 1534 vidi
623 1486 904 1529 difficillimum
925 1484 1019 1535 esse,
1049 1482 1268 1524 :mecm-um
1293 1485 1457 1524 nomina
1481 1497 1521 1523 et
1547 1486 1684 1526 icones
1715 1484 1786 1527 suis
1815 1485 2025 1542 speciebus

521 1546 745 1600 adfignare.
832 1541 1119 1595 thlurimum
1153 1541 1260 1579 enim
1289 1537 1579 1594 descriptiones
1610 1541 1730 1596 plane
1757 1543 1920 1595 desunt,
1960 1544 2026 1587 vel

521 1614 710 1646 mancae,
743 1595 1086 1652 etimperfettae,
1115 1592 1361 1637 differentias
1386 1598 1597 1651 genericas
1615 1597 1800 1652 plurimis
1819 1598 2026 1655 speciebus

521 1669 764 1701 communes
787 1664 947 1694 tantum
971 1663 1211 1707 exponunt,
1246 1662 1373 1708 atque
1395 1655 1532 1694 icones
1556 1651 1774 1709 saepissime
1805 1657 1934 1698 malae
1957 1667 2029 1699 aut

523 1714 769 1759 mediocres,
799 1721 1099 1764 nonnunquam
1116 1709 1237 1748 etiam
1258 1707 1597 1762 descriptionibus
1614 1711 1734 1765 plane
1748 1726 2027 1770 repugnantes

523 1771 746 1815 maximam
773 1763 1054 1806 confusionem
1079 1766 1119 1804 in
1138 1762 1212 1803 hae
1235 1763 1574 1805 animalculorum
1610 1767 1788 1809 cohorte
1819 1771 2028 1823 produxe-

523 1837 633 1871 runt.
692 1824 886 1864 Summus
905 1823 1028 1862 etiam
1046 1833 1202 1859 Lmufivs
1224 1821 1259 1859 in
1282 1817 1494 1873 systemate
1513 1831 1680 1861 naturae
1701 1823 1923 1883 synonyma
1939 1827 2030 1867 Au-

530 1884 691 1926 {torum
710 1879 904 1935 pleraque
923 1877 1055 1918 secum
1077 1874 1343 1926 commiscuit,
1366 1877 1588 1932 pluresque
1605 1892 1720 1920 veras
1739 1878 1886 1935 species
1902 1884 1940 1923 in
1951 1874 2032 1926 vna*

529 1938 755 1984 coniunxit,
782 1946 823 1976 et
842 1933 1133 1989 descriptiones
1163 1931 1357 1988 quasdam
1384 1942 1543 1973 tantum
1568 1931 1696 1976 bonas
1721 1937 1763 1976 in
1785 1939 1894 1989 musto
1916 1942 2030 1980 Ludo-

530 2000 630 2038 vicae
651 1995 786 2034 Vlricae
804 1990 1002 2032 exhibuit.
1061 1987 1370 2030 Recentiffimus
1390 1991 1509 2030 etiam
1531 1999 1624 2031 ante
1648 2004 1716 2032 me
1743 1991 1913 2049 scriptor
1938 1994 2029 2038 Cla-

527 2051 700 2096 riffimus
722 2062 798 2089 vAN
819 2061 988 2087 mmrsvii
1007 2045 1200 2087 inlitteris
1222 2043 1621 2098 saepiffimelaudati‘s
1639 2050 1770 2098 nimis,
1787 2062 1833 2091 νε
1849 2050 2024 2102 videtur,

530 2114 571 2152 in
590 2105 796 2164 speciebus
817 2101 1107 2144 constituendis
1136 2100 1313 2143 liberalis
1330 2102 1423 2151 fuit,
1457 2116 1585 2159 quum
1607 2117 1656 2144 ex
1673 2106 1898 2149 minoribus
1916 2106 2029 2150 diffe-

530 2167 671 2209 rentiis
690 2160 935 2217 singularem
949 2158 1061 2216 saepe
1081 2158 1249 2215 speciem
1266 2159 1542 2201 constitueret.
1600 2159 1683 2203 Etss
1701 2163 1838 2220 itaque
1857 2162 2037 2207 clai-iffi:

1970 2224 2028 2264 mi
