2242 2930
458 233 511 260 Ab
537 216 683 259 xtnmix
699 215 1011 258 'nisrosxnomzm
1022 214 1419 263 'zenmonssamrvms
1634 239 1688 276 99

310 314 511 354 Caeterum
531 316 622 352 icon
639 313 825 352 Kleiniana
844 314 1006 352 omnino
1026 313 1287 364 speciminibus
1313 318 1528 366 respondet.
1584 322 1683 370 Pars,

199 383 293 419 quae
320 372 357 408 in
375 374 438 419 ligr.
461 373 506 410 A.
536 369 784 419 irregulariter
807 369 935 417 adstat,
966 369 1039 408 fine
1058 370 1173 408 dubio
1190 382 1315 409 cretae
1334 372 1508 422 quiddam
1535 376 1599 423 est,
1623 379 1685 416 cui

198 427 388 465 Echinires
404 426 466 462 hic
484 425 631 462 innatus
655 424 782 463 fuerat.

306 505 553 555 Reperiuntur
571 504 679 542 etiam
695 505 817 543 Conttli
830 505 1027 555 albogaleri
1041 507 1135 544 intra
1154 505 1504 555 filicemigniarium,
1533 508 1571 545 in
1583 509 1683 548 hune

195 561 308 611 ipsum
323 560 481 611 lapidem
497 560 639 598 mutati.
672 558 817 612 Sicipse
837 574 885 598 ex
901 562 1105 605 montibus,
1137 562 1478 612 circaEckartsbevg
1508 563 1686 614 fitis‚pos-

193 616 293 653 fideo
312 616 470 653 siliceum
488 615 686 654 Echiniten
704 616 810 654 huius
828 617 982 668 speciei,·
1011 618 1114 656 cuius
1134 617 1299 656 exterior
1314 617 1525 668 superficies
1543 620 1593 658 est
1603 632 1683 657 cre-

193 683 296 709 tacea
311 672 487 710 indurata.
548 672 695 710 Praeter
709 671 868 710 formam
888 684 1011 710 autem
1034 673 1222 720 conicam,
1254 684 1365 723 atque
1384 686 1504 724 poros
1523 675 1684 713 ambula-

195 739 349 765 crorum
367 726 602 778 quorundam
621 727 668 764 de
683 728 856 766 struRura
875 730 986 767 testae
1005 729 1101 766 nulla
1129 729 1259 767 adsunt
1277 729 1437 780 vestigia.

307 808 440 855 Restat,
470 819 511 845 vt
528 807 709 846 Aue'tores
727 821 956 857 enumerem,
983 809 1079 860 apud
1098 822 1194 859 quos
1213 809 1318 847 huius
1334 808 1468 860 speciei
1479 809 1680 862 descriptio

191 862 251 901 vel
266 862 357 901 icon
373 864 567 914 reperitur.

306 953 558 978 ALDROVAND.
579 940 664 990 mus:
681 953 756 979 met.
765 953 805 991 p.
822 956 889 989 455.
901 941 939 992 f.
959 956 993 988 4.
1013 942 1103 980 icon
1119 941 1254 991 vitiosa.

305 1030 449 1056 BESLER.
474 1017 624 1066 Gazoph.
647 1019 838 1060 continuat.
857 1030 882 1057 t.
902 1031 943 1064 19.
969 1018 1174 1056 Echinites.

303 1106 421 1133 mor.
447 1093 476 1142 §.
486 1106 532 1138 35.
550 1095 621 1132 tab.
639 1095 685 1131 II.
693 1093 730 1143 f.
749 1107 789 1140 15.
847 1096 888 1131 In
909 1094 1156 1132 Chilternenli
1174 1094 1330 1144 regione
1348 1093 1535 1132 inuentus.
1573 1093 1676 1132 Cen—

190 1163 289 1191 trum
307 1149 332 1188 s.
373 1160 506 1188 vertex
545 1159 585 1185 vet
602 1161 645 1185 os
664 1161 780 1199 aeque
799 1148 930 1186 distare
946 1150 1122 1186 dicuntur
1136 1162 1154 1186 a
1175 1150 1339 1198 margine
1360 1148 1504 1198 lapidis,
1534 1150 1596 1197 qui
1620 1161 1675 1186 ra-

193 1208 264 1245 diis
282 1206 320 1243 in
344 1205 509 1255 quinque
531 1214 653 1254 partes
677 1203 847 1252 aequales
871 1204 1067 1242 diuidatur.
1126 1205 1241 1250 leon,
1283 1204 1345 1241 hic
1368 1203 1472 1251 data,
1505 1202 1630 1242 differt
1654 1217 1675 1242 ιι

189 1274 335 1301 ιιΕιΝιι
352 1261 466 1310 figura
482 1260 519 1297 in
536 1271 598 1305 eo,
626 1258 732 1309 quod
749 1259 958 1310 superficies
974 1258 1168 1296 Echinitae
1185 1258 1306 1308 glabra
1324 1258 1374 1297 fit.

302 1348 471 1376 MORTON
507 1349 542 1373 n.
567 1335 600 1374 h.
620 1334 746 1374 North.
769 1345 802 1383 p.
827 1349 888 1381 235.
908 1335 960 1384 sp.
985 1347 1009 1373 ι.
1041 1334 1234 1373 Echinites
1258 1334 1413 1384 pileatus
1430 1334 1600 1376 conicus.
1619 1335 1676 1366 -Ἷ

190 1394 371 1443 Quinque
399 1391 566 1442 duplices
594 1390 701 1427 series
727 1391 1010 1428 eminentiarum
1044 1388 1167 1442 (forte
1193 1390 1268 1428 dici
1285 1390 1414 1428 debuit
1437 1391 1676 1440 pun610rum,

190 1461 285 1500 quae
302 1460 437 1493 tamen,
468 1446 491 1484 ss
505 1448 593 1483 testa
602 1445 767 1495 perierit,
796 1446 904 1482 etiam
917 1445 1124 1483 eminentes
1134 1444 1359 1498 redduntur)
1376 1447 1504 1483 testam
1522 1445 1561 1482 in
1571 1446 1677 1496 quiss-

193 1517 266 1555 que
287 1502 455 1552 aequales
472 1512 593 1552 partes
611 1499 778 1537 diuidere
796 1500 910 1538 addit.

305 1589 404 1616 ιιετ.
415 1578 480 1627 lap.
490 1577 582 1615 turb.
614 1585 651 1624 p.
689 1588 751 1621 219.
775 1577 832 1614 tit.
848 1578 990 1614 XVIII
999 1586 1275 1614 commemorat
1286 1575 1438 1625 quidem
1449 1577 1674 1616 etEclJim'ten

187 1636 350 1683 siliceum,
380 1635 511 1672 vertice
520 1631 721 1683 fastigium,
748 1643 785 1669 et
809 1644 938 1670 l‘LOTu
963 1632 1065 1682 supra
1088 1631 1235 1669 citatam
1262 1631 1410 1668 iconem
1423 1646 1435 1674 ,-
1470 1631 1532 1668 sed
1557 1632 1674 1671 icone

192 1692 332 1735 species
352 1688 506 1739 sequens
518 1688 732 1725 exhibetur:
761 1699 801 1725 vt
817 1687 940 1737 igitur,
970 1698 1146 1737 quantum
1165 1699 1211 1723 ex
1225 1686 1349 1725 verbis
1367 1688 1527 1725 Eiusdem
1553 1688 1673 1726 conii-

193 1738 279 1785 cere
295 1746 395 1791 licet,
418 1756 551 1782 omnes
572 1743 679 1780 huius
696 1743 842 1792 generis
860 1744 1000 1794 species
1019 1742 1273 1781 coniunxerit.

297 1835 399 1859 Lvm.
425 1820 499 1858 lith.
524 1819 614 1857 Brit.
632 1829 667 1868 p.
691 1831 755 1864 47.
771 1833 804 1857 n.
818 1827 890 1864 958.
949 1819 1143 1856 Echinites
1162 1818 1349 1869 spoliatus,
1382 1832 1429 1857 ex
1454 1819 1549 1869 agris
1572 1819 1672 1859 iuxta

189 1877 449 1926 Sithingbourn‚
480 1875 750 1914 Cantianorum
768 1875 964 1925 oppidum.
1021 1874 1175 1912 Brontia
1197 1874 1308 1911 altera
1333 1887 1558 1913 LAchva
1566 1885 1605 1924 p.
1622 1888 1671 1922 25.

190 1945 228 1973 et
245 1948 297 1972 no.
313 1945 380 1979 959.
435 1930 537 1969 Idem
559 1930 681 1982 paullo
698 1930 913 1982 depressior,
952 1929 996 1967 ad
1017 1930 1194 1980 galeatum
1218 1929 1414 1969 accedens.

303 2021 420 2047 LANG.
437 2009 502 2058 lap.
507 2011 572 2059 fig.
585 2018 621 2057 p.
633 2019 693 2053 125.
752 2007 944 2044 Echinites
955 2005 1302 2057 verticefastigiato,
1330 2005 1398 2044 bafi
1408 2005 1533 2058 plana:
1562 2007 1673 2046 Echi-

192 2065 413 2103 nometrites
431 2064 559 2103 didius.
573 2075 600 2103 t.
619 2070 672 2110 36.
691 2062 727 2115 f.
749 2076 774 2103 1.
796 2063 988 2103 mediocris.

302 2153 422 2178 MELLE
439 2139 515 2181 Ech.
539 2142 655 2190 Wagr.
668 2151 701 2191 p·
716 2153 752 2188 7.
810 2139 1002 2181 Echinites
1021 2139 1176 2192 pileatus
1196 2139 1460 2192 eleuadonfig.
1476 2145 1506 2179 6.
1531 2139 1672 2179 filiceus

191 2195 293 2235 fuisse
308 2195 462 2236 videtur.

854 2252 896 2291 N
929 2263 952 2291 ι
1545 2263 1611 2288 muz
1619 2262 1681 2289 vn.
