2242 2930
333 1367 409 1399 Tab.
420 1365 495 1396 LIV.
505 1362 532 1393 6.

336 1841 410 1872 Tab.
420 1838 497 1868 mv.
506 1819 536 1875 γ’.

552 238 626 280 198
1191 228 1485 265 Annia-Amnum

547 337 603 367 tes
626 325 791 365 laterales
812 323 1004 377 parallelae
1021 323 1181 362 omnino
1202 324 1325 361 iacent
1341 351 1351 371 ,
1380 334 1419 360 vt
1442 335 1482 360 ea
1509 323 1547 359 in
1571 331 1698 372 parte,
1727 321 1788 358 vbi
1807 317 2044 358 conneehm.

548 398 621 431 tur,
653 396 736 421 cum
755 382 825 419 alio
842 380 1028 431 triangulo
1051 380 1168 418 tribus
1188 379 1361 417 lateribus
1381 379 1528 415 constet
1551 378 1828 428 hepragonmm
1859 377 1897 417 in
1923 389 1963 412 ea
1982 388 2044 413 ve-

547 454 592 478 ro
612 451 738 491 parte,
768 437 829 476 vbi
847 437 996 475 dimidia
1014 436 1192 485 triangula
1209 435 1431 484 iunguntur,
1460 434 1536 471 duo
1555 445 1696 471 tantum
1719 433 1830 471 latera
1848 431 2042 483 poffideat,

548 497 671 546 licque
687 493 860 544 angulum
884 504 1029 530 acutum
1047 492 1068 531 s
1085 492 1241 530 suturam
1261 490 1427 528 serratam
1454 490 1667 527 constituat.
1699 513 1751 517 —
1810 490 1934 538 Atque
1951 488 2043 524 haee

548 552 699 601 quidem
727 550 778 587 est
798 549 971 587 strudlura
988 560 1151 587 arearum
1169 546 1190 585 s.
1208 546 1475 596 triangulorum
1489 546 1687 582 maiorum:
1722 545 1910 582 minorum
1921 554 2043 581 autem

547 607 723 646 fabricam
743 618 910 644 PLAchs
931 617 1010 642 non
1029 604 1217 655 separatim
1236 602 1433 653 explicuit3
1463 601 1524 638 sed
1535 600 1637 638 addit
1654 612 1796 638 tantum
1815 599 2045 637 asl'ulasarea-

545 676 630 703 rum
648 662 835 699 minorum
855 660 1099 698 foraminibus
1117 657 1305 708 pertundi,
1330 658 1493 702 maior-es
1513 668 1634 694 autem
1652 656 1721 694 effe
1739 657 1913 705 integras.
2003 657 2043 691 ln

548 718 681 767 lingula
699 729 777 754 area
797 715 919 753 astulas
940 714 1010 751 effe
1028 714 1232 761 sexaginta:
1259 713 1345 749 fore
1362 713 1473 761 igitur
1500 712 1599 750 mille
1624 722 1662 748 et
1686 712 1954 761 quadringenta
1974 711 2047 747 cir-

547 776 641 812 citer
657 771 852 809 tentacula.
881 769 1109 806 Aculeorum
1128 779 1323 804 numerum
1341 767 1386 804 ad
1401 767 1477 804 duo
1497 767 1606 804 millia
1624 777 1661 804 et
1678 767 1832 816 amplius
1849 766 2044 812 accedere,

549 839 710 879 quatuor
726 827 826 864 enim
845 825 866 863 s
882 826 1049 875 quinque
1066 823 1221 874 papillae
1239 823 1277 859 in
1297 821 1433 872 singula
1454 822 1568 863 affula.
1602 845 1655 852 —
1710 823 1788 860 Hie
1807 822 1958 872 quidem
1980 834 2044 859 nu-

547 896 672 924 merus
697 882 844 920 videtur
859 882 897 919 in
918 880 1063 931 fingulis
1079 878 1282 917 indiuiduis
1301 878 1451 916 variare.

664 962 848 1014 Equidem
875 974 1038 1000 arearum
1055 961 1244 999 minorum
1264 959 1386 998 astulas
1407 959 1551 1009 semper
1575 958 1812 1010 angustiores·
1831 956 1947 997 assulis
1972 970 2046 996 ma-

553 1022 676 1060 iorum
689 1020 777 1066 vidi,
796 1031 906 1068 atque
919 1018 966 1056 ita
978 1018 1127 1068 quidem
1138 1017 1287 1068 politas,
1299 1027 1337 1053 vt
1348 1027 1422 1053 tres
1433 1015 1558 1053 affulae
1570 1016 1736 1054 minores
1746 1015 1858 1052 latere
1869 1015 2046 1052 alterutro

547 1078 618 1116 tria
634 1078 745 1114 latera
765 1075 891 1112 ass'ulae
911 1074 1016 1113 vulus
1035 1073 1185 1111 maioris
1203 1072 1410 1123 explerent,
1442 1071 1488 1109 lic
1514 1084 1651 1119 tamen,
1678 1083 1717 1110 vt
1747 1071 1842 1109 duae
1865 1071 2045 1116 laterales,

544 1133 718 1184 >superior
741 1143 780 1169 et
797 1131 978 1178 inferior,
1005 1129 1132 1167 assulae
1149 1129 1315 1167 minores
1335 1127 1485 1165 dimidia
1501 1139 1644 1165 tantum
1674 1140 1720 1165 ex
1744 1139 1848 1177 parte
1872 1140 1956 1164 cum
1977 1138 2046 1163 vna

549 1189 654 1226 aflula
672 1187 803 1225 maiori
825 1187 1097 1231 cohaererent,
1127 1185 1237 1223 altera
1264 1195 1386 1222 autem
1403 1183 1554 1221 dimidia
1572 1197 1656 1221 cum
1676 1182 1977 1232 subsequentibus
1998 1180 2046 1219 as-

549 1243 633 1282 sulis
651 1243 860 1281 maioribus.
944 1246 996 1280 Ita
1022 1241 1168 1288 euenit,
1200 1252 1239 1278 vt
1270 1251 1447 1277 numerus
1465 1239 1649 1276 affularum
1669 1240 1708 1276 in
1724 1240 1817 1276 areis
1835 1238 2044 1276 minoribus

552 1299 669 1350 duplo
688 1298 806 1336 maior
822 1297 908 1335 esset
926 1310 996 1344 eo,
1025 1308 1134 1345 quem
1162 1295 1301 1332 habent
1319 1294 1445 1332 affiilae
1465 1295 1646 1332 maiorum
1668 1290 1842 1333 arearum.
1899 1293 2045 1331 Clarius

550 1355 588 1393 id
609 1366 759 1406 apparet
776 1367 825 1391 ex
842 1354 970 1400 icone,
1000 1364 1108 1401 quam
1126 1351 1221 1388 Tab.
1240 1352 1332 1388 LlV.
1352 1350 1413 1399 fig.
1434 1355 1471 1391 6.
1492 1350 1722 1389 exhibemus.
1777 1363 1783 1368 ·

662 1429 825 1468 Similem
850 1427 1165 1478 compositionem
1192 1426 1305 1462 testae
1322 1425 1360 1461 in
1381 1425 1556 1462 omnibus
1575 1426 1775 1463 maioribus
1795 1424 1996 1463 indiuiduis
2007 1436 2045 1463 et

549 1488 742 1540 speciebus
758 1486 902 1524 cidaris
918 1483 1062 1521 inueni:
1093 1483 1130 1519 in
1154 1481 1363 1520 minoribus
1380 1492 1501 1518 autem
1518 1493 1556 1518 et
1575 1481 1696 1518 minus
1713 1481 1908 1518 euidenter
1926 1480 2046 1518 affula-

551 1547 598 1584 tis
616 1541 896 1596 speciminibus:
927 1539 1057 1585 sutura,
1080 1550 1173 1590 quae
1188 1536 1404 1575 ambulacris
1430 1537 1605 1587 proxime
1625 1536 1780 1583 adiacet,
1811 1547 1850 1573 et
1869 1535 1957 1573 duas
1968 1548 2046 1574 are-

551 1615 590 1639 as
605 1600 786 1638 maiorem
805 1608 842 1635 et
862 1596 1048 1633 minorem
1071 1592 1267 1632 co1me8tit
1281 1592 1398 1639 reela,
1424 1603 1463 1629 et
1482 1592 1577 1642 quali
1604 1604 1753 1630 crenata
1774 1592 1795 1630 s
1811 1591 2045 1631 transuerlim

548 1657 680 1695 sulcata
696 1655 761 1700 est,
788 1652 972 1701 vt.itaque
990 1662 1124 1687 omnes
1148 1647 1275 1686 affulae
1293 1648 1475 1685 maiorum
1492 1660 1531 1685 et
1552 1649 1741 1686 minorum
1765 1660 1928 1687 arearum
1951 1660 2046 1699 peu-

546 1722 709 1763 tagonae
724 1708 900 1748 euadant;
932 1717 1035 1744 areae
1053 1718 1175 1744 autem
1195 1704 1352 1742 minoris
1373 1703 1499 1741 assiilae
1519 1704 1587 1742 lint
1604 1705 1848 1755 angustiores.
1876 1706 1930 1743 Vt
1950 1705 2044 1743 haec

546 1766 757 1806 euidentius
773 1774 957 1815 paterent,
984 1774 1032 1802 ex
1048 1763 1178 1800 Cidare
1196 1760 1370 1810 esculenta
1385 1759 1507 1799 astulas
1524 1771 1601 1799 tres
1616 1761 1731 1800 icone
1745 1760 1904 1800 describi
1921 1761 2045 1800 curaui

543 1825 582 1862 in
600 1823 699 1866 Tab,
715 1822 810 1860 LlV.
829 1819 890 1870 fig.
908 1829 945 1868 7.

659 1902 804 1942 In'aliis
829 1900 1020 1952 speciebus
1044 1897 1256 1951 praesertim
1282 1897 1321 1934 in
1347 1896 1583 1936 Echinanthis‘
1601 1896 1728 1935 assulae
1746 1896 1945 1948 pleraeque
1963 1898 2045 1938 sunt

545 1963 785 2012 hexagonae:
813 1958 852 1996 in
868 1956 1106 2008 paucioribus
1125 1965 1164 1993 vt
1180 1955 1218 1992 in
1233 1956 1406 2003 Spatango
1427 1954 1520 1992 ouali
1541 1963 1580 1992 et
1593 1951 1771 2003 Spatango
1786 1954 1982 2005 ananchyte
1990 1966 2045 1994 et·

544 2019 616 2057 iam
634 2026 853 2066 tetragonae
871 2011 1057 2064 trapeziae
1072 2021 1291 2049 occurrunt.

659 2098 784 2148 Atque
805 2096 897 2134 haec
916 2093 1068 2144 quidem
1089 2104 1169 2130 mea
1184 2090 1385 2138 sententia,
1416 2104 1552 2130 ornnes
1572 2090 1778 2130 Echinorum
1796 2091 1905 2129 testas
1925 2091 2041 2132 affulis

548 2154 747 2208 componi,
777 2151 1021 2192 confirmatur
1038 2149 1150 2189 etiam
1164 2147 1382 2187 testimonio
1401 2147 1459 2186 Cl.
1474 2149 1691 2196 D'ANNONE,
1721 2147 1838 2200 quiin
1855 2150 1920 2190 αὸἶ.
1936 2150 2041 2192 Helv.

1079 2224 1081 2226 ’
1976 2206 1999 2245 l.
2015 2218 2042 2245 c.
