2242 2930
638 664 1322 719 PRAEFATIO:

227 908 507 1045 Prodeunt
570 962 624 1003 ita
670 960 946 1004 additamenta
992 973 1076 1001 mea
1123 958 1174 1000 ad
1221 956 1491 1001 Celeberrimi
1532 970 1730 998 aremii

353 1021 555 1060 naturalem
596 1019 911 1058 echinodermatmn
952 1018 1215 1068 dispofitionem.
1304 1015 1569 1057 Mirabuntur
1615 1013 1726 1055 forte

227 1076 434 1124 nonnulli,
469 1075 541 1131 qui
565 1088 666 1130 eg0‚
705 1073 862 1115 dissitus
887 1074 1012 1129 longe
1037 1087 1058 1113 a
1081 1073 1244 1114 marinis
1282 1072 1401 1123 locis,
1436 1068 1548 1113 ausus
1575 1070 1727 1116 fuerim

227 1131 563 1174 animalculorum
579 1133 830 1171 marinorum
851 1130 1056 1171 historiam
1073 1127 1248 1176 tradere,
1277 1129 1358 1178 vel,
1377 1142 1480 1184 quae
1498 1127 1549 1169 de
1566 1128 1612 1168 iis
1632 1139 1728 1169 con-

226 1189 346 1235 stent,
374 1186 542 1227 definire
560 1197 601 1227 et
620 1188 841 1240 corrigere.
900 1187 1020 1227 quat
1037 1187 1165 1239 igitur
1193 1196 1543 1234 commemorare,
1576 1184 1726 1240 quibus

230 1241 371 1285 cauffis
391 1253 623 1284 commotus
641 1242 815 1291 fuerim,
842 1251 886 1283 vt
909 1254 977 1282 me
1003 1240 1096 1282 huic
1113 1241 1285 1295 negotio
1304 1239 1601 1288 subtraherem,
1630 1239 1729 1295 quid

229 1313 280 1342 eo
301 1299 502 1354 praestare
520 1298 824 1348 constituerim,
858 1309 899 1339 et
918 1297 1070 1354 quibus
1095 1296 1251 1338 auxiliis
1278 1296 1366 1339 Vsus
1383 1295 1468 1338 sim.
1548 1295 1647 1339 Aliis
1664 1295 1733 1338 de-

230 1354 482 1399 cernendum
503 1354 711 1412 relinquo,
735 1368 815 1412 qua
831 1357 987 1396 ratione
1004 1367 1050 1396 ea
1071 1367 1094 1396 a
1108 1367 1175 1395 me
1193 1351 1296 1396 faeta
1313 1352 1401 1395 sint.

343 1468 617 1510 Constituerat
633 1467 871 1524 bibliopola,
901 1483 995 1510 cum
1014 1470 1130 1523 prior
1151 1467 1274 1508 editio
1294 1466 1506 1524 diuulgata
1522 1467 1628 1518 esset,
1655 1480 1730 1512 no-

228 1539 322 1569 vam
342 1526 464 1567 huius
482 1524 573 1566 libri
591 1556 601 1575 ‚
632 1525 886 1581 eandemque
902 1527 1157 1565 immutatam
1178 1535 1340 1577 parare,
1369 1524 1629 1579 rogabatque
1647 1537 1732 1573 me,

228 1593 276 1624 vt
293 1581 537 1638 pressuram,
566 1580 657 1635 vel,
683 1581 711 1622 si
729 1595 808 1637 qua
825 1583 865 1622 in
881 1580 965 1636 ipso
982 1579 1086 1620 libro
1107 1577 1349 1632 corrigenda
1368 1578 1512 1630 essent,
1542 1578 1729 1619 emenda-

228 1651 329 1680 rem.
387 1636 471 1678 Diu
495 1636 662 1692 quidem
678 1640 719 1678 in
736 1636 976 1679 definiendis
998 1634 1279 1692 speciminibus
1298 1633 1554 1676 Echinorum
1572 1634 1732 1676 labora-

230 1708 392 1744 veram,
418 1702 699 1749 noueramque
714 1693 913 1748 pleraque
939 1694 1168 1749 synonyma
1193 1693 1233 1731 in
1257 1705 1390 1731 mezi
1415 1691 1627 1746 systemate
1656 1690 1730 1732 fibi

228 1749 320 1806 ipsis
337 1762 582 1804 repugnare,
609 1763 744 1805 neque
767 1748 893 1790 adeffe
911 1749 1118 1791 vberiores
1141 1758 1183 1788 et
1199 1758 1408 1788 accuratas
1425 1746 1648 1802 specierum
1659 1746 1729 1788 de-

227 1807 477 1862 scriptiones,
499 1816 748 1860 praetereas,
764 1819 864 1861 quas
876 1806 1086 1845 tinnrvsin
1096 1805 1205 1855 musto
1216 1805 1406 1844 Ludom'cae
1428 1806 1578 1855 Vlricae,
1599 1803 1729 1855 dedit,

230 1876 332 1919 quae
347 1860 448 1917 ipsae
465 1860 565 1902 mihi
583 1875 667 1902 non
683 1862 865 1902 fecerant
890 1861 990 1903 satis.
1049 1862 1214 1916 Itaque,
1241 1873 1335 1901 cum
1352 1874 1428 1915 per
1446 1860 1613 1914 longam
1639 1859 1731 1901 stitis

226 1931 430 1961 annorum
448 1917 612 1969 seriem,
644 1931 766 1959 nemo
794 1927 963 1959 naturae
984 1916 1254 1959 scrutatorum
1271 1916 1374 1958 hanc
1392 1917 1733 1958 animalculorum

226 1974 383 2017 tribum
416 1973 646 2028 diligentius
678 1973 978 2016 describendam
1008 1973 1238 2029 susceperit,
1266 1986 1400 2029 neque
1420 1986 1529 2015 nunc
1547 1972 1645 2014 alius
1663 1971 1732 2014 ad-

232 2031 340 2080 esset,
367 2033 429 2071 cui
449 2029 676 2086 bibliopola
695 2030 798 2072 hanc
818 2044 984 2087 operam
1004 2032 1287 2072 committeret
1304 2046 1311 2070 :
1343 2042 1482 2071 curam
1507 2028 1627 2071 huius
1645 2029 1733 2070 edi-

228 2089 347 2129 tionis
370 2099 515 2141 gerere
540 2087 728 2141 promifi,
758 2099 883 2144 atque
900 2102 1040 2127 arrum
1058 2086 1196 2140 dietis,
1220 2087 1501 2128 recentiorum
1518 2085 1730 2127 obseruata

230 2154 272 2185 et
287 2141 448 2186 detefita
462 2142 611 2186 addere
628 2145 827 2187 constitui.
914 2143 1107 2186 Protinus
1122 2145 1247 2200 igitur
1272 2142 1467 2196 indicaui,
1497 2141 1734 2186 consultiffi-

1609 2211 1725 2241 mum
