2242 2930
535 259 595 303 Vl
1114 268 1311 300 PRAEFA
1324 269 1422 299 Tio.

540 371 593 415 pe
603 353 679 398 Vix·
689 349 949 405 Clarissimus,
966 363 1011 394 vt
1019 351 1273 396 Echinorum
1287 354 1408 396 testae
1420 352 1595 409 singulae
1607 364 1647 395 et
1656 355 1771 409 spinis
1786 355 1976 403 munitae,
1995 364 2036 394 et

542 417 586 456 iis
597 412 1134 467 orbae,colligantur‚atque
1146 410 1440 452 describantur:
1473 412 1648 466 ideoque
1660 421 1700 451 et
1710 423 1803 466 ego,
1822 409 1891 451 vbi
1908 411 2037 465 potui,

544 469 798 512 Echinorum
816 467 927 519 spinis
945 468 1197 507 munitorum
1214 468 1350 508 icones
1361 466 1508 510 addidi.
1539 467 1635 508 Huc
1654 469 1792 522 itaque
1808 466 1904 507 facit
1926 465 2038 507 Clmi

543 541 582 567 0.
599 529 808 566 F.M'1'1LLER1
833 521 1085 572 obseruatio,
1135 536 1215 579 qua
1251 533 1446 578 expertus
1473 524 1529 564 est
1554 525 1748 578 optimam
1771 521 2038 571 methodum,

541 581 795 624 Echinorum
815 577 934 620 testas
959 579 1014 618 ita
1038 577 1313 628 conseruandi,
1344 590 1387 621 vt
1409 579 1538 634 spinae
1554 592 1636 620 non
1659 577 1860 619 decidant.
1919 577 2039 619 Echi-

543 640 606 680 nis
631 648 802 690 nempe,
831 633 928 675 dum
946 635 1104 683 viuunt,
1134 646 1239 690 aqua
1256 635 1411 676 feruida
1437 633 1762 690 superfundenda
1793 634 1864 687 est,
1890 632 2038 676 deinde
2060 656 2065 659 ‚

544 693 728 735 intestina
752 688 993 730 excutienda
1017 688 1127 738 sunt,
1194 691 1377 746 testaque
1405 691 1491 732 solis
1541 690 1661 732 calori
1687 689 1943 746 exponenda,
1976 701 2039 731 at-

547 762 628 805 que
645 749 699 788 ita
720 745 818 786 sicca
834 744 1054 788 reddenda.
1111 745 1299 801 Denique
1316 760 1485 788 monere
1504 748 1711 798 conuenit,
1729 745 1920 800 syllabam
1940 745 2039 789 alte·

541 817 629 848 ram
644 801 759 846 verbi
776 801 923 840 Echinus
941 799 1252 854 producendam
1269 802 1344 842 elie
1353 832 1367 855 9
1399 805 1509 842 iuxta
1526 801 1620 842 illud
1636 814 1865 843 MARTIALlS:

836 917 840 922 -
905 889 1040 928 Cortice
1063 889 1204 940 deposito
1228 892 1343 930 mollis
1364 891 1504 931 echinus
1526 892 1614 936 erit,

662 996 807 1039 Liceat
818 996 939 1036 etiam
948 992 1012 1035 hic
1023 993 1267 1050 subiungere
1277 1006 1317 1038 et
1327 994 1513 1047 indIcare,
1534 1009 1602 1038 me
1613 997 1769 1038 nuncin
1780 993 1899 1038 eolab
1906 1005 2036 1046 orare,

543 1067 590 1101 vt
606 1053 832 1110 systematis
856 1050 1105 1102 animalium,
1140 1055 1254 1094 cuius
1280 1055 1453 1109 primam
1479 1065 1639 1108 partem
1665 1065 1936 1099 εκκιεεειεινε,
1963 1053 2037 1092 im-

545 1110 678 1169 pensis
702 1109 971 1160 mygandianis
990 1106 1128 1159 edidit,
1151 1111 1511 1161 continuationem,
1530 1120 1656 1165 atque
1670 1109 1805 1164 primo
1821 1107 1914 1149 loco
1939 1107 2036 1156 hzsto-

545 1172 641 1210 riam
654 1167 787 1214 auium,
812 1161 974 1204 duobus
993 1166 1116 1205 tomis
1133 1165 1485 1220 comprehensam,
1525 1165 1656 1206 edam.
1694 1164 1738 1204 In
1756 1178 1836 1221 qua
1853 1161 2038 1219 quidem,

546 1236 651 1280 quae
668 1220 733 1264 vel
749 1219 827 1273 alii,
844 1217 908 1260 vel
927 1217 1030 1271 ipsc,
1053 1219 1103 1260 de
1119 1231 1263 1261 natura
1284 1223 1420 1261 auium
1438 1220 1705 1269 obseruarint,
1731 1233 1952 1275 earumque
1969 1218 2038 1261 de-

544 1280 777 1335 scriptiones
791 1272 1010 1318 (accinetae
1026 1286 1065 1316 et
1082 1274 1310 1333 synonyma
1327 1274 1558 1317 Auum-um
1571 1276 1828 1331 colligentur.
1889 1274 2039 1317 Caete-

546 1342 642 1381 rum
661 1335 796 1376 forma
816 1342 857 1373 et
872 1333 974 1372 ratio
994 1330 1086 1373 libri
1106 1334 1180 1374 erit
1198 1331 1352 1382 eadem,
1371 1344 1492 1386 quam
1511 1332 1622 1374 dedit
1649 1335 1802 1386 primae
1817 1334 1920 1387 parti
1944 1345 2038 1372 enx-

546 1385 737 1440 ὶεΒεΝινε,
753 1385 1032 1445 impensasque
1049 1387 1191 1430 eadem
1207 1390 1342 1440 officina
1365 1392 1622 1441 Weygandiana
1643 1386 1925 1446 suppeditabit.
2032 1385 2037 1387 ’

1131 1555 1432 1566 -u——u-—u—

1131 1568 1431 1577 -——-—-——-——-——-

1944 2245 2035 2289 CA-
