2242 2930
438 258 489 284 An
524 254 664 282 ιειεικιι
702 251 1006 278 mSPOSITIONEM
1039 251 1413 281 ecnmootnmxrvu.
1615 258 1662 294 73

176 344 277 395 estet,
307 341 547 395 probabiliter
565 338 770 376 ambulacra
790 348 828 375 et
843 337 998 389 papillae
1024 336 1149 376 albido
1169 336 1303 375 colore
1314 338 1527 388 superducie
1546 352 1661 381 erant.

175 401 374 438 Caeterum
392 410 437 434 ex
451 396 565 433 icone
580 406 693 446 patet,
711 394 860 440 eodem,
873 406 950 444 quo
965 393 1123 444 reliquis·
1135 392 1339 444 speciebus,
1362 394 1481 432 modo
1500 395 1585 434 huic
1597 398 1661 435 Ci-

175 456 252 493 dari
268 467 367 492 areas
392 453 522 489 decem
547 451 647 488 datas
673 449 754 488 esse.
813 450 1045 497 Ambulacra,
1077 461 1163 487 ante
1187 449 1246 487 ani
1269 462 1390 488 aream
1415 451 1655 501 confluentia,

174 510 429 549 verosimiliter
452 509 492 545 in
509 508 600 545 statu
613 506 758 544 Cidaris
778 506 931 544 naturali
948 506 1133 556 segregata
1153 517 1270 553 erant,
1297 517 1408 555 atque
1425 519 1492 558 per
1508 507 1594 555 vim,
1614 510 1659 556 ei,

175 580 258 607 cum
284 566 322 604 in
341 576 483 617 petram
500 574 714 611 mutaretur,
741 565 784 601 ab
800 574 907 601 extus
927 562 1074 610 illatam,
1103 562 1302 601 coniunsta
1326 562 1419 602 sunt.

286 646 338 684 Ill.
356 656 554 684 wALcntvs
579 643 601 681 1.
620 657 654 684 c.
673 657 709 695 p.
736 652 823 692 158.
841 644 956 682 refert
973 643 1069 682 hanc
1087 644 1247 695 speciem
1272 643 1318 681 ad
1334 644 1524 683 rotundos
1540 645 1664 696 sphae-

173 703 274 741 ricos
287 702 485 744 echinitas.
512 713 699 739 cr-:sNssRvs
716 701 754 739 in
765 700 866 739 traci.
878 700 926 738 de
944 701 1052 752 petri.
1071 702 1234 751 cap.XII.
1250 713 1287 750 p.
1305 714 1370 752 34.
1390 700 1499 739 etiam
1515 703 1665 740 testatus

174 760 238 804 cst,
267 758 446 797 Echinc'ten
469 757 663 797 coronalem
687 757 855 808 reperiri:
889 769 1049 806 eumque
1068 756 1160 794 dicit
1178 755 1361 796 Echiniten
1382 758 1584 796 eminentiis
1596 769 1663 808 per

172 816 325 866 quinque
340 816 479 853 ordines
495 814 759 862 triangulares,
786 828 805 851 e
820 814 951 851 vertice
967 824 1204 858 excurrentes,
1222 812 1397 862 dispofitis.
1424 813 1549 863 Atque
1574 827 1661 853 cum

174 871 313 909 eodem
339 871 594 909 conferendus
611 871 662 907 est
678 870 869 907 Echinites
893 868 1049 905 discoidi
1075 880 1271 919 congener
1299 869 1523 908 vmbonatus
1557 883 1660 911 ινιτ).

173 927 427 974 lith.Brit.979
441 951 484 957 -
499 937 542 971 81.
566 927 738 964 nf’imeiae
755 938 793 964 et
819 925 1113 964 Northamtoniae
1146 923 1304 967 effoffus.

288 1008 434 1047 Echinus
451 1008 537 1046 with
561 1020 585 1045 a
595 1008 704 1057 single
725 1018 903 1057 aperture,
933 1006 1009 1045 and
1031 1005 1178 1044 without
1208 1019 1279 1056 any
1306 1008 1418 1046 Sinus.
1477 1020 1601 1047 MORT.
1627 1020 1664 1049 n.

174 1065 210 1106 h.
232 1065 360 1103 North.
372 1076 410 1115 p.
427 1078 501 1111 234.
517 1065 585 1102 tab.
612 1077 652 1102 lo.
663 1064 700 1114 f.
721 1077 762 1102 ιο.
824 1060 1032 1101 Conuexus
1051 1063 1103 1099 est
1128 1073 1166 1100 et
1192 1064 1399 1101 rotundus:
1430 1064 1522 1102 radii
1545 1064 1665 1117 dupli-

175 1134 239 1159 ces
258 1134 274 1158 a
293 1132 428 1158 centro
447 1120 596 1158 verticis
608 1121 792 1158 oriuntur.
819 1119 1020 1156 Maximum
1040 1118 1228 1168 specimen
1245 1118 1304 1156 sex
1320 1120 1491 1170 pollices,
1510 1120 1574 1158 alia
1586 1124 1664 1173 ple-

176 1190 336 1227 rumque
359 1189 378 1225 3
401 1187 462 1214 aut
482 1190 508 1223 4
525 1176 665 1226 digitos
684 1186 854 1225 aequant.
915 1174 1188 1224 Semperspinis
1204 1175 1540 1213 carensinuenitur.
1569 1179 1664 1215 leon

173 1233 287 1280 bona,
315 1245 351 1271 at
371 1231 462 1271 radii
477 1233 573 1269 terni
591 1245 612 1270 e
629 1243 763 1270 centro
780 1229 1087 1282 progrediuntur,
1120 1230 1222 1269 forte
1249 1230 1392 1269 medius
1417 1231 1538 1269 radius
1565 1232 1662 1272 futu<

172 1300 248 1327 ram
267 1289 306 1326 in
321 1301 400 1327 area
419 1286 571 1326 indicat.

286 1369 478 1409 Echinites
495 1382 614 1407 LANG.
631 1370 773 1419 lap.fig.
791 1379 824 1418 p.
843 1368 996 1407 122.·tab.
1010 1381 1057 1413 35.
1079 1367 1296 1406 discoideus
1334 1370 1557 1408 vmbonatus
1588 1372 1666 1410 lub-

173 1425 295 1465 luteus
314 1426 534 1472 mediocris,
564 1425 685 1475 quinis
703 1425 812 1461 radiis
835 1437 855 1461 e
878 1423 1017 1473 duplici
1037 1424 1137 1469 serie,
1167 1435 1205 1460 et
1231 1425 1353 1473 quinis
1377 1426 1470 1462 striis
1496 1439 1542 1463 ex
1559 1429 1663 1466 vnica

174 1483 265 1520 serie
280 1482 563 1520 transuerfarum
581 1480 799 1518 lineolarum
821 1479 1004 1526 conflatis,
1035 1479 1225 1516 interstitia
1244 1480 1409 1517 striarum
1437 1482 1578 1531 papillis
1597 1484 1663 1520 mi-

175 1539 286 1575 nimis
313 1536 597 1587 occupantibus.
629 1557 685 1564 -
739 1536 863 1572 Variat
906 1535 1178 1584 magnitudine,
1208 1535 1253 1572 ad
1296 1536 1484 1574 minimam
1533 1551 1662 1588 vsque.

175 1594 284 1632 Parte
306 1605 426 1645 prona
448 1592 487 1629 hi
521 1592 714 1630 Echinitae
764 1591 862 1642 plmi
887 1590 980 1638 sunt,
1012 1590 1080 1628 bali
1110 1591 1241 1628 leuiter
1259 1604 1446 1642 concaua,
1485 1594 1523 1631 in
1559 1596 1662 1632 cuius

177 1661 314 1688 centro
347 1647 468 1687 modo
486 1649 670 1695 foramen,
697 1648 816 1685 modo
836 1647 974 1684 nullum
1005 1645 1228 1684 obseruatum
1297 1649 1401 1685 Parte
1442 1648 1565 1700 supina
1601 1664 1662 1688 ro-

176 1705 296 1754 tundi,
328 1716 377 1752 et,
407 1705 603 1742 vtidie'ffum
615 1705 678 1751 est,
702 1705 795 1741 striis
824 1703 1040 1754 papillisque
1084 1702 1251 1740 distinffl.
1333 1705 1487 1742 Materia
1529 1719 1660 1744 eorum

177 1774 349 1800 arenacea
368 1762 431 1808 est,
462 1761 505 1798 ad
524 1759 682 1810 lapidem
701 1761 903 1797 calcareum
935 1759 1132 1796 accedens„
1190 1760 1231 1796 In
1280 1760 1471 1798 montibus
1507 1764 1665 1800 comita·

176 1829 236 1858 tus
260 1817 444 1865 Badenlis,
469 1828 590 1869 prope
617 1816 786 1863 Boc-[stein
809 1827 847 1854 et
872 1818 1048 1865 Luggeren
1074 1815 1217 1852 inuenti
1241 1816 1333 1854 lunt.

290 1911 449 1939 novRGv.
469 1897 594 1949 petris.
611 1898 684 1940 tab.
702 1896 897 1948 Ll·fi354·
910 1910 976 1944 355.
1004 1896 1155 1935 eaedem
1174 1896 1307 1935 icones
1333 1910 1381 1936 ex
1401 1911 1546 1938 LANGlo
1573 1899 1664 1938 sum-

175 1967 246 1997 tae.

290 2050 368 2130 vi'AN
386 2049 511 2078 PHELS.
522 2048 558 2088 p.
583 2045 632 2081 28-
649 2051 703 2076 no,
727 2052 761 2085 5.
781 2036 913 2084 Gierll‘-
931 2036 1065 2086 korlige
1085 2037 1252 2086 Zea-egel.
1278 2035 1425 2076 Cidaris
1446 2037 1666 2077 hordeaceis

179 2106 293 2144 grami
308 2106 350 2131 is.

935 2300 968 2338 7:

1569 2312 1677 2339 DAVI·
