2242 2930
420 255 467 280 AD
488 239 635 281 ’κιεηω
668 250 967 278 οιευοςῐτιοκελι
1015 250 1392 280 ECHINODERMATVM.
1606 249 1676 288 1⁸35

189 337 241 374 est
259 336 316 374 ori
335 337 476 383 vicina,
508 337 584 374 duo
602 333 820 373 foraminula
844 335 1064 382 rotundam,
1091 347 1207 385 aeque
1232 334 1276 372 ab
1303 347 1474 374 excauata
1492 348 1595 387 parte
1623 338 1676 374 di-

184 393 312 429 stantia
329 392 467 439 adsunt,
500 404 592 441 quae
610 402 690 427 non
706 389 744 426 in
764 390 840 427 aliis
855 390 1058 429 obseruaui.
1116 392 1161 428 In
1179 390 1324 428 aduersa
1343 392 1575 430 extremitate
1590 394 1675 443 post

184 447 500 485 eminentiffimam
519 446 648 483 baseos
672 457 814 495 partem
834 447 886 483 est
902 460 992 485 area
1009 446 1156 486 cordata
1170 474 1181 493 ,
1212 446 1307 483 linea
1330 445 1460 483 callosa
1479 448 1573 496 quali
1592 449 1675 487 cin-

182 503 250 548 eta,
282 503 442 540 minimis
462 501 663 539 tuberculis
681 501 810 548 obsita,
840 502 930 540 etin
949 513 1111 552 vtroque
1128 502 1260 548 latere,
1288 513 1448 551 quatuor
1463 503 1580 552 poris,
1610 506 1674 554 qui

180 558 290 595 radiis
309 557 562 595 concentricis
594 556 892 605 conneemntur,
923 558 1074 609 pertusa.
1114 561 1214 596 Anus
1231 557 1424 603 minimu53
1450 558 1488 595 in
1508 560 1673 609 margine

180 611 335 661 squamis
362 612 549 659 testaceis,
576 622 614 650 et
637 613 814 650 molliore
840 615 1010 652 coriacea
1037 625 1141 664 parte
1167 613 1318 651 cincius.
1403 614 1615 653 Tubercula
1634 615 1672 654 in

177 667 245 705 bafi
263 668 358 705 circa
374 667 617 718 peripheriam
635 668 785 714 maiora,
800 669 837 706 in
855 670 975 707 media
992 682 1071 708 area
1082 670 1238 708 minora.
1297 667 1461 720 Reliqua,
1477 680 1517 709 vt
1530 669 1569 708 in
1580 684 1672 711 con-

176 720 385 772 generibus.
413 723 631 774 Hospitatur
648 723 687 760 in
706 724 831 762 museo
854 726 1022 763 Linkiano
1042 730 1122 772 (nc.
1143 735 1174 770 8.
1195 725 1270 764 cist.
1290 724 1381 780 113.)

288 815 426 845 SLOAN.
444 804 525 841 iam.
544 805 589 840 Il.
599 813 636 852 p.
655 810 728 846 265.
747 805 818 842 tab.
836 805 1058 855 CCXLII.f.
1071 819 1101 851 3.
1119 819 1154 852 4.
1167 820 1199 851 5.
1231 805 1394 843 Echinus
1413 806 1554 844 nostras
1575 807 1666 858 Spa..

174 869 290 908 tagus.
375 861 527 897 inuenta
547 859 627 897 sunt
649 860 814 897 eiusdem
832 860 1032 911 specimina
1062 862 1249 907 humeae,
1269 860 1354 898 tedii
1375 860 1560 900 subtilibus
1579 876 1663 902 acu-

170 913 258 960 leis,
287 926 443 964 argento
468 915 657 953 similibus:
685 917 922 953 conueniunt
950 927 1073 954 tamen
1102 917 1263 954 omnino
1290 928 1374 953 cuin
1400 916 1464 964 iis,
1493 930 1586 967 quae
1615 920 1661 958 ad

169 969 324 1018 Angliae
345 983 430 1008 oras
449 971 693 1021 reperiuntur.
727 993 776 998 —
835 971 955 1008 Series
975 971 1187 1022 papillarum
1206 973 1245 1010 in
1263 971 1452 1022 superiore
1470 985 1573 1024 parte
1585 987 1659 1014 ma-

170 1024 225 1074 gis
243 1024 325 1064 sunt
341 1025 575 1077 conspicuae,
595 1039 703 1077 quam
719 1027 758 1064 in
776 1026 949 1065 iconibus
969 1027 1182 1067 Kleinianis.

281 1107 416 1147 Ktnm.
435 1109 522 1147 Gall.
537 1117 571 1156 p.
592 1120 657 1153 107.
675 1107 745 1145 tab·
761 1109 847 1146 XV.
865 1109 911 1145 A.
941 1107 1064 1153 Oursin
1080 1108 1180 1146 d’une
1191 1107 1292 1158 stule
1307 1110 1455 1149 couleur.

279 1196 314 1222 v.
334 1197 458 1223 PHELs.
479 1184 502 1222 l.
519 1196 547 1222 c.
563 1197 601 1234 p.
616 1196 663 1230 39-
676 1182 724 1234 sp.
740 1197 775 1230 7.
793 1172 910 1234 Effi’ne
928 1184 1102 1233 Egelnoot.
1112 1184 1134 1226 i.
1154 1198 1186 1223 e.
1204 1184 1334 1222 Brilsus
1353 1185 1539 1227 vnicolor.

275 1285 448 1327 varietas
463 1290 519 1326 ΠΙ.
546 1291 743 1338 Spatangus
758 1286 1053 1338 Brzffimouatus.
1084 1289 1178 1329 Tab.
1202 1291 1401 1330 XXXVIII.
1431 1288 1490 1342 fig.
1515 1305 1552 1343 4.
1662 1299 1785 1343 vars-3,

279 1363 416 1403 Differt
430 1378 447 1402 a
467 1365 728 1416 praecedente,
744 1364 857 1414 figura
874 1376 1003 1413 onata,
1033 1378 1127 1415 quae
1147 1365 1186 1403 in
1215 1365 1274 1403 illa
1298 1368 1350 1404 est
1372 1368 1488 1406 oualis
1501 1398 1513 1416 ,
1539 1372 1651 1412 radiis
1665 1351 1865 1420 iuffzikvm.

161 1418 270 1457 reglis
284 1448 296 1467 ‚
327 1420 388 1469 qui
407 1421 481 1459 illic
495 1420 576 1458 sunt
592 1419 822 1466 subflexuoli,
846 1421 978 1468 anique
994 1420 1069 1462 situ,
1100 1421 1161 1469 qui
1179 1420 1257 1458 fere
1274 1422 1400 1472 inipso
1417 1423 1529 1463 dorso
1545 1438 1653 1478 repe.
1745 1437 1777 1465 4-

160 1474 264 1513 titur.
322 1477 379 1512 Ex
401 1476 540 1513 vertice
563 1476 657 1512 linea
679 1474 859 1519 eminens,
886 1474 1056 1511 obsolete
1072 1476 1274 1525 porosa‚ad
1295 1490 1339 1514 os
1349 1478 1551 1520 descendit.
1578 1484 1648 1521 Re-

160 1530 258 1578 liqua
277 1531 522 1567 conueniunt.
553 1531 667 1567 Forte
685 1530 736 1566 est
758 1528 878 1567 iunius
897 1529 1084 1581 specimen
1102 1531 1239 1582 prioris
1264 1533 1459 1574 varietatis.
1519 1537 1647 1578 Color

159 1586 212 1622 est
228 1585 312 1623 albo
329 1586 541 1633 flauescens,
571 1584 687 1623 dilute
705 1585 888 1629 cinereus.

272 1668 384 1704 miiLL.
403 1666 512 1704 Delic.
529 1676 601 1703 nat.
621 1667 648 1703 I.
663 1677 699 1715 p.
712 1677 761 1711 91.
784 1666 856 1703 tab.
886 1667 930 1704 D.
961 1669 991 1707 I.
1027 1665 1055 1710 f.
1081 1680 1125 1713 ⁴15·
1158 1667 1463 1720 Echinqspatagm:
1511 1672 1644 1712 descri-

158 1721 240 1772 ptio
259 1723 358 1759 bona.
386 1723 480 1758 Icon
497 1734 549 1768 ea,
581 1722 694 1771 quam*
709 1733 782 1760 nos
795 1721 1009 1773 repetimus.
1041 1723 1190 1762 Testam
1206 1725 1247 1762 in
1265 1726 1385 1764 allii-las
1403 1728 1645 1769 rhomboida-

154 1779 209 1814 les
230 1777 381 1827 separari
406 1776 520 1815 addit.

261 1872 428 1912 varietas
454 1873 517 1912 IV.
534 1875 730 1923 Spatangm·
744 1872 888 1925 Brssizs,
902 1875 1170 1915 latecarinatus.
1188 1876 1283 1916 Tab.
1294 1878 1451 1917 XLvm.
1466 1882 1496 1918 F
1497 1881 1542 1931 ig.
1561 1897 1594 1936 4.
1607 1897 1718 1947 5'Var.
1741 1928 1770 1958 4.

264 1952 384 1991 Huius
400 1953 491 1991 testa
510 1954 667 1994 omnino
685 1954 736 1992 est
750 1950 835 1993 albo
855 1955 1023 2004 cinerea,
1052 1956 1092 1994 in
1117 1955 1186 1994 bafi
1212 1957 1306 1995 flauo
1331 1959 1416 1997 alba.
1497 1957 1854 2004 Differtla'mrf'fflffls-

154 2008 324 2060 inprimis
342 2020 421 2047 area
439 2009 601 2048 verticali
616 2039 627 2057 ‚
661 2011 762 2048 cuius
783 2011 939 2049 ambitus
960 2012 1011 2048 est
1028 2012 1183 2049 dentato
1209 2015 1416 2062 angulosus,
1504 2019 1631 2068 Linea,
1645 2000 1720 2032 Tab.
1752 2004 1853 2034 XLM·

154 2077 247 2115 quae
265 2076 341 2101 eam
360 2064 487 2114 cingit,
513 2065 678 2116 repando
689 2065 850 2114 dentata,
868 2078 1122 2116 pentagonum
1139 2067 1336 2118 irregulare
1351 2070 1502 2121 format,
1529 2078 1635 2125 quod
1691 2051 1719 2079 4-
1744 2052 1769 2080 5-

154 2132 279 2158 tamen
297 2129 484 2170 praeterea
501 2119 563 2158 sex
580 2121 736 2158 minoris
754 2123 893 2171 angulis
920 2121 979 2159 seu
1004 2122 1176 2159 dentibus
1203 2123 1407 2164 instruitur:
1448 2128 1560 2175 figura
1578 2145 1639 2170 au-

152 2188 228 2215 tem
253 2175 359 2214 huius
381 2175 498 2214 lineae
517 2175 611 2214 adeo
627 2176 678 2214 est
689 2176 884 2227 singularis,
903 2189 942 2216 vt
962 2178 1081 2216 verbis
1096 2178 1157 2216 vix
1184 2178 1338 2219 describi
1353 2172 1490 2234 poffitJ
1513 2185 1575 2223 sed
1593 2200 1640 2226 ex

813 2234 873 2272 Aa
1526 2240 1641 2280 icone
