2242 2930
356 358 407 393 Sp.
424 351 518 382 XCII.

358 397 496 426 Echinitcs
522 390 559 419 la·

355 441 399 478 pic
417 435 516 465 cauri.

562 264 606 303 19
615 266 635 292 2
1184 257 1476 286 mormannum

670 348 845 390 Echinite‘s
861 348 950 398 lapis
968 341 1108 386 Cancri.
1137 344 1235 383 Tab.
1255 345 1380 382 XLIX.
1398 343 1476 393 Fig.
1497 355 1552 382 10.
1574 352 1613 379 ιι.

671 431 747 470 Hic
764 442 848 469 cum
863 427 1114 480 praecedente
1133 425 1210 464 oris
1227 425 1292 464 litu
1311 437 1349 463 et
1367 424 1538 462 strufi‘mra
1555 419 1744 470 congruit.
1832 414 1970 456 Differt
1995 429 2055 455 au-

359 478 435 509 Τὼ·
459 473 639 530 XLIX‘tem
665 488 754 526 testa
777 485 908 524 obtuse
928 495 1059 532 onata,
1088 494 1272 529 conuexa,
1298 493 1334 519 at
1362 481 1482 518 minus
1505 478 1632 528 gibba,
1654 475 1796 513 vertice
1820 474 2054 519 excentrico,

395 528 444 550 10.
470 523 519 547 11.

364 1172 413 1208 Sp.
434 1163 538 1196 xcm.

565 555 725 597 quatuor
747 542 853 593 poris
869 541 1079 593 perforat0,
1105 539 1318 577 ambulacris
1334 536 1456 588 quinis
1475 531 1713 587 petaloideis,
1741 529 1937 581 biporofis‚
1969 541 2056 566 oua-

561 614 605 641 to
621 598 853 645 lanceolatis,
876 597 981 648 apice
995 594 1096 633 fiffis:
1127 607 1194 632 ano
1210 593 1313 644 supra
1330 592 1532 642 marginem
1550 589 1662 626 testae
1677 586 1847 625 latiorem
1858 585 1995 637 posito,
2015 584 2057 621 li-

564 670 656 698 neae
672 655 787 707 spat'10
806 667 824 692 a
846 652 1058 704 peripheria
1077 649 1246 696 distante,
1276 647 1445 687 rotundo
1470 643 1656 696 impress'o.

674 737 717 773 In
731 733 802 779 basi
812 727 1311 781 plan2,leuiffimeexcauam,
1339 725 1528 764 tubercula
1540 722 1687 762 circulis
1706 720 1838 768 cinela,
1866 733 1933 771 per
1948 720 2056 759 series

568 792 738 841 obliquas
755 786 929 837 dispofita
946 782 1112 822 laterales
1129 792 1252 832 partes
1268 791 1471 830 occupant,
1497 792 1575 817 area
1588 776 1707 821 media
1718 775 1828 819 nuda.
1857 779 1907 814 Os
1923 789 2002 815 non
2018 777 2058 814 in

566 858 714 893 centr0,
744 842 807 883 sed
825 839 1050 880 extremitati
1067 836 1266 888 angustiori
1283 835 1408 887 paullo
1435 836 1549 885 magis
1567 833 1743 871 vicinum.

678 919 835 960 Coloris
853 917 938 956 albo
954 914 1182 954 flauescentis
1191 913 1280 951 testa
1290 912 1458 950 calcareo
1477 908 1615 961 spatosa
1632 909 1699 945 est:
1712 920 1757 945 ex
1771 907 1934 946 Heluetia
1949 909 2060 946 Echi..

569 975 937 1018 nitenhuncallatum
955 971 1096 1021 accepi.
1118 969 1252 1008 Similis
1271 969 1322 1005 est
1336 967 1459 1005 forma
1478 964 1643 1016 quodam
1661 964 1781 1002 modo
1799 963 1922 1015 lapidi,
1945 967 2060 1002 oculus

568 1036 694 1076 Cancri
704 1032 818 1079 dieto,
830 1042 940 1081 quem
949 1027 1069 1079 quiuis
1080 1026 1188 1064 facile
1197 1026 1360 1064 nouerit.
1389 1023 1557 1073 Ideoque
1569 1019 1800 1059 nomenhoc
1809 1020 1950 1058 triuiale
1959 1020 2059 1058 dedi.

676 1137 853 1177 Echinites
863 1132 1060 1186 patellas-is.
1085 1131 1180 1171 Tab.
1199 1130 1290 1169 LIII.
1306 1129 1383 1180 Fig.
1410 1140 1445 1176 5.
1465 1131 1499 1165 6.
1517 1140 1553 1175 7.

364 1208 581 1279 Izclffllzejspss·
683 1213 883 1265 Singularis
912 1210 1072 1249 omnino
1100 1208 1254 1259 species,
1273 1206 1318 1244 ab
1343 1204 1518 1244 omnibus
1543 1203 1694 1255 reliquis
1719 1201 1958 1250 diuerfiffirm,
1975 1215 2062 1241 cum

364 1269 823 1327 T,L111.5.6.praecedente
844 1267 920 1305 oris
949 1277 986 1302 et
1005 1265 1062 1302 ani
1083 1264 1149 1301 situ
1167 1262 1363 1304 conuenit,
1419 1259 1556 1297 Differt
1574 1259 1786 1310 praesertim
1807 1259 1896 1307 testa
1909 1261 2062 1298 maxime

452 1339 484 1369 7.

569 1326 736 1378 depreſja,
764 1335 874 1373 atque
891 1320 1101 1360 ambulacris
1117 1316 1402 1367 stellaeformam
1419 1316 1655 1353 imitantibus.

686 1401 984 1452 Magnitudinem
1004 1398 1279 1445 naturalemfig.
1291 1409 1319 1439 5.
1328 1406 1363 1432 et
1374 1400 1404 1432 ό.
1419 1395 1505 1431 Tab.
1519 1396 1610 1432 LIII.
1620 1393 1764 1432 fistunt:
1794 1396 1906 1447 infig.
1924 1410 1955 1443 7.
1975 1396 2062 1433 dor·
2092 1379 2096 1393 ¹

571 1465 647 1504 sum
659 1457 912 1511 magnitudine
921 1456 1019 1492 autia
1029 1452 1223 1497 indicatur,
1239 1449 1300 1488 vbi
1310 1449 1514 1486 ambulacra
1526 1449 1712 1498 biporosa,
1739 1451 1988 1500 porislineola
2000 1465 2064 1488 ne-

572 1521 643 1567 xis,
669 1527 779 1567 atque
798 1513 894 1552 linea
911 1508 1090 1555 obsoleta,
1117 1520 1136 1545 a
1154 1506 1293 1557 reliqua
1309 1505 1421 1543 testae
1439 1503 1631 1556 superficie
1647 1504 1819 1555 separata,
1849 1518 1887 1544 et
1902 1519 1991 1544 anus
2002 1519 2066 1544 ro-

569 1573 725 1621 tundus,
752 1568 857 1609 masta
873 1565 1013 1618 lapidea
1027 1563 1246 1610 obsti-uetus,
1259 1571 1449 1612 apparent.
1505 1561 1640 1599 Testae
1650 1561 1806 1599 ambitus
1819 1573 1964 1611 ouams,
1987 1562 2065 1600 alti-

575 1631 671 1671 tudo
689 1630 728 1666 in
744 1624 862 1664 media
879 1634 983 1674 parte
1002 1621 1066 1658 vix
1082 1620 1214 1656 lineam
1233 1627 1380 1667 aequat:
1406 1615 1554 1655 dorsum
1572 1614 1747 1654 leuiffime
1765 1629 1995 1667 connexum,
2025 1631 2064 1658 et

579 1685 671 1726 bafis
689 1683 820 1722 leuiter
834 1687 1022 1722 excauata,
1040 1675 1237 1723 ‘lateraque
1251 1672 1452 1711 tuberculis
1469 1672 1595 1720 oblita,
1619 1671 1739 1710 media
1757 1685 1836 1711 area
1847 1673 1953 1715 laeui.
2011 1679 2064 1715 Ο,-

579 1739 800 1783 ὸτῢίωἰπε.
857 1733 898 1771 T
901 1743 963 1770 ota
981 1731 1068 1769 testa
1080 1730 1234 1780 patellae
1250 1740 1382 1767 ouatae
1399 1729 1556 1781 speciem
1576 1741 1662 1780 prae
1678 1727 1714 1766 se
1730 1728 1813 1768 fert.

695 1819 771 1859 Vix
784 1812 996 1867 petrefaaa,
1023 1810 1083 1849 sed
1093 1811 1220 1862 potius
1238 1810 1414 1851 calcinata
1428 1821 1573 1852 tantum
1587 1810 1639 1848 est
1654 1810 1758 1858 testa,
1784 1820 1894 1862 atque
1909 1811 2064 1852 intel-jug

585 1878 738 1933 spatium
755 1873 870 1923 aliqua
884 1881 933 1908 ex
951 1879 1054 1921 parte
1069 1879 1239 1906 vacuum.

696 1951 950 1995 conseruata:
966 1950 1006 1989 in
1022 1947 1147 1989 museo
1165 1946 1345 1986 Linkiano.

1990 2267 2075 2308 AD.
