<?xml version="1.0" encoding="UTF-8"?>
<!DOCTYPE html PUBLIC "-//W3C//DTD XHTML 1.0 Transitional//EN"
    "http://www.w3.org/TR/xhtml1/DTD/xhtml1-transitional.dtd">
<html xmlns="http://www.w3.org/1999/xhtml" xml:lang="en" lang="en">
 <head>
  <title>
</title>
<meta http-equiv="Content-Type" content="text/html;charset=utf-8" />
  <meta name='ocr-system' content='tesseract 3.04.00' />
  <meta name='ocr-capabilities' content='ocr_page ocr_carea ocr_par ocr_line ocrx_word'/>
</head>
<body>
  <div class='ocr_page' id='page_1' title='image "./additamentaadjac00lesk_0033.png"; bbox 0 0 2242 2930; ppageno 0'>
   <div class='ocr_carea' id='block_1_1' title="bbox 603 245 1734 301">
    <p class='ocr_par' dir='ltr' id='par_1_1' title="bbox 603 245 1734 301">
     <span class='ocr_line' id='line_1_1' title="bbox 603 245 1734 301; baseline 0.004 -27"><span class='ocrx_word' id='word_1_1' title='bbox 603 247 663 274; x_wconf 71' lang='lat' dir='ltr'><strong>AD</strong></span> <span class='ocrx_word' id='word_1_2' title='bbox 702 245 1362 277; x_wconf 70' lang='lat' dir='ltr'>³(L131N11ECH1NODERMATA.</span> <span class='ocrx_word' id='word_1_3' title='bbox 1714 262 1734 301; x_wconf 70' lang='lat'><strong>3</strong></span> 
     </span>
    </p>
   </div>
   <div class='ocr_carea' id='block_1_2' title="bbox 184 329 1733 2292">
    <p class='ocr_par' dir='ltr' id='par_1_2' title="bbox 184 329 1733 2292">
     <span class='ocr_line' id='line_1_2' title="bbox 338 329 1733 384; baseline 0.004 -16"><span class='ocrx_word' id='word_1_4' title='bbox 338 329 577 371; x_wconf 71' lang='lat' dir='ltr'><strong>Non&#39;inutile</strong></span> <span class='ocrx_word' id='word_1_5' title='bbox 595 330 665 368; x_wconf 86' lang='lat' dir='ltr'><strong>erit</strong></span> <span class='ocrx_word' id='word_1_6' title='bbox 680 330 742 367; x_wconf 90' lang='lat' dir='ltr'><strong>hic</strong></span> <span class='ocrx_word' id='word_1_7' title='bbox 765 330 946 381; x_wconf 63' lang='lat' dir='ltr'><strong>eti‘paullo</strong></span> <span class='ocrx_word' id='word_1_8' title='bbox 972 331 1129 382; x_wconf 81' lang='lat' dir='ltr'><strong>amplius</strong></span> <span class='ocrx_word' id='word_1_9' title='bbox 1153 344 1343 381; x_wconf 81' lang='lat' dir='ltr'><strong>enarrare,</strong></span> <span class='ocrx_word' id='word_1_10' title='bbox 1371 348 1465 384; x_wconf 80' lang='lat' dir='ltr'><strong>quae</strong></span> <span class='ocrx_word' id='word_1_11' title='bbox 1489 351 1663 380; x_wconf 64' lang='lat' dir='ltr'><strong>xtumvs</strong></span> <span class='ocrx_word' id='word_1_12' title='bbox 1694 343 1733 383; x_wconf 88' lang='lat' dir='ltr'><strong>in</strong></span> 
     </span>
     <span class='ocr_line' id='line_1_3' title="bbox 225 386 1730 439; baseline 0.005 -14"><span class='ocrx_word' id='word_1_13' title='bbox 225 388 341 439; x_wconf 75' lang='lat' dir='ltr'><strong>prima</strong></span> <span class='ocrx_word' id='word_1_14' title='bbox 370 386 617 424; x_wconf 74' lang='lat' dir='ltr'>annotatione</span> <span class='ocrx_word' id='word_1_15' title='bbox 652 386 696 423; x_wconf 74' lang='lat' dir='ltr'><strong>ad</strong></span> <span class='ocrx_word' id='word_1_16' title='bbox 734 390 766 438; x_wconf 55' lang='grc' dir='ltr'><strong>ᾗ,</strong></span> <span class='ocrx_word' id='word_1_17' title='bbox 802 388 829 424; x_wconf 92' lang='lat'><strong>1.</strong></span> <span class='ocrx_word' id='word_1_18' title='bbox 864 387 1027 425; x_wconf 90' lang='lat' dir='ltr'><strong>breuiter</strong></span> <span class='ocrx_word' id='word_1_19' title='bbox 1063 398 1206 426; x_wconf 80' lang='lat' dir='ltr'><strong>tantum</strong></span> <span class='ocrx_word' id='word_1_20' title='bbox 1239 389 1287 427; x_wconf 88' lang='lat' dir='ltr'><strong>de</strong></span> <span class='ocrx_word' id='word_1_21' title='bbox 1314 401 1421 429; x_wconf 88' lang='lat' dir='ltr'><strong>motu</strong></span> <span class='ocrx_word' id='word_1_22' title='bbox 1444 394 1577 432; x_wconf 79' lang='lat' dir='ltr'>Echini</span> <span class='ocrx_word' id='word_1_23' title='bbox 1609 396 1730 438; x_wconf 78' lang='lat' dir='ltr'><strong>habet,</strong></span> 
     </span>
     <span class='ocr_line' id='line_1_4' title="bbox 226 442 1731 496; baseline 0.002 -15"><span class='ocrx_word' id='word_1_24' title='bbox 226 454 549 481; x_wconf 67' lang='lat' dir='ltr'>GANDOLPHVS</span> <span class='ocrx_word' id='word_1_25' title='bbox 577 442 750 480; x_wconf 88' lang='lat' dir='ltr'><strong>nimirum</strong></span> <span class='ocrx_word' id='word_1_26' title='bbox 774 442 812 479; x_wconf 89' lang='lat' dir='ltr'><strong>in</strong></span> <span class='ocrx_word' id='word_1_27' title='bbox 830 444 919 480; x_wconf 73' lang='lat' dir='ltr'><strong>ac‘Iis</strong></span> <span class='ocrx_word' id='word_1_28' title='bbox 944 445 1154 482; x_wconf 80' lang='lat' dir='ltr'><em>Academiae</em></span> <span class='ocrx_word' id='word_1_29' title='bbox 1185 445 1367 489; x_wconf 76' lang='lat' dir='ltr'><strong>Parilinac</strong></span> <span class='ocrx_word' id='word_1_30' title='bbox 1390 460 1420 486; x_wconf 80' lang='lat' dir='ltr'><strong>a.</strong></span> <span class='ocrx_word' id='word_1_31' title='bbox 1450 462 1564 496; x_wconf 88' lang='lat'>1709.</span> <span class='ocrx_word' id='word_1_32' title='bbox 1601 453 1633 488; x_wconf 73' lang='lat' dir='ltr'><strong>se</strong></span> <span class='ocrx_word' id='word_1_33' title='bbox 1663 456 1731 492; x_wconf 81' lang='lat' dir='ltr'><strong>ob-</strong></span> 
     </span>
     <span class='ocr_line' id='line_1_5' title="bbox 224 496 1731 554; baseline 0.006 -18"><span class='ocrx_word' id='word_1_34' title='bbox 224 496 409 536; x_wconf 73' lang='lat' dir='ltr'><strong>struauiffe</strong></span> <span class='ocrx_word' id='word_1_35' title='bbox 430 498 490 543; x_wconf 77' lang='lat' dir='ltr'><strong>ait,</strong></span> <span class='ocrx_word' id='word_1_36' title='bbox 507 497 674 536; x_wconf 79' lang='lat' dir='ltr'>Echinos</span> <span class='ocrx_word' id='word_1_37' title='bbox 686 498 857 536; x_wconf 82' lang='lat' dir='ltr'><strong>celeriter</strong></span> <span class='ocrx_word' id='word_1_38' title='bbox 875 499 915 537; x_wconf 90' lang='lat' dir='ltr'><strong>in</strong></span> <span class='ocrx_word' id='word_1_39' title='bbox 939 498 1061 537; x_wconf 84' lang='lat' dir='ltr'><strong>fundo</strong></span> <span class='ocrx_word' id='word_1_40' title='bbox 1072 500 1180 538; x_wconf 85' lang='lat' dir='ltr'><strong>maris</strong></span> <span class='ocrx_word' id='word_1_41' title='bbox 1208 502 1401 552; x_wconf 77' lang='lat' dir='ltr'>progredi,</span> <span class='ocrx_word' id='word_1_42' title='bbox 1424 503 1538 554; x_wconf 87' lang='lat' dir='ltr'><strong>idque</strong></span> <span class='ocrx_word' id='word_1_43' title='bbox 1555 520 1633 543; x_wconf 75' lang='lat' dir='ltr'><strong>non</strong></span> <span class='ocrx_word' id='word_1_44' title='bbox 1647 522 1731 546; x_wconf 75' lang='lat' dir='ltr'><strong>acu-</strong></span> 
     </span>
     <span class='ocr_line' id='line_1_6' title="bbox 223 552 1728 612; baseline 0.008 -23"><span class='ocrx_word' id='word_1_45' title='bbox 223 553 310 599; x_wconf 82' lang='lat' dir='ltr'><strong>leis,</strong></span> <span class='ocrx_word' id='word_1_46' title='bbox 333 553 395 590; x_wconf 92' lang='lat' dir='ltr'><strong>sed</strong></span> <span class='ocrx_word' id='word_1_47' title='bbox 413 552 646 602; x_wconf 77' lang='lat' dir='ltr'><strong>fingularibus</strong></span> <span class='ocrx_word' id='word_1_48' title='bbox 665 555 844 604; x_wconf 85' lang='lat' dir='ltr'><strong>pedibus,</strong></span> <span class='ocrx_word' id='word_1_49' title='bbox 872 555 936 604; x_wconf 88' lang='lat' dir='ltr'><strong>qui</strong></span> <span class='ocrx_word' id='word_1_50' title='bbox 956 555 1054 593; x_wconf 90' lang='lat' dir='ltr'><strong>circa</strong></span> <span class='ocrx_word' id='word_1_51' title='bbox 1072 569 1118 593; x_wconf 90' lang='lat' dir='ltr'><strong>os</strong></span> <span class='ocrx_word' id='word_1_52' title='bbox 1137 557 1270 596; x_wconf 85' lang='lat' dir='ltr'>Echini</span> <span class='ocrx_word' id='word_1_53' title='bbox 1291 558 1359 596; x_wconf 82' lang='lat' dir='ltr'><strong>fint</strong></span> <span class='ocrx_word' id='word_1_54' title='bbox 1376 560 1501 609; x_wconf 76' lang='lat' dir='ltr'><strong>positi:</strong></span> <span class='ocrx_word' id='word_1_55' title='bbox 1527 563 1631 612; x_wconf 80' lang='lat' dir='ltr'><strong>quod</strong></span> <span class='ocrx_word' id='word_1_56' title='bbox 1649 566 1728 612; x_wconf 79' lang='lat' dir='ltr'><strong>qui-</strong></span> 
     </span>
     <span class='ocr_line' id='line_1_7' title="bbox 221 608 1728 666; baseline 0.007 -21"><span class='ocrx_word' id='word_1_57' title='bbox 221 609 307 646; x_wconf 81' lang='lat' dir='ltr'><strong>dem</strong></span> <span class='ocrx_word' id='word_1_58' title='bbox 324 608 468 659; x_wconf 82' lang='lat' dir='ltr'><strong>semper</strong></span> <span class='ocrx_word' id='word_1_59' title='bbox 486 608 605 647; x_wconf 86' lang='lat' dir='ltr'><strong>versus</strong></span> <span class='ocrx_word' id='word_1_60' title='bbox 622 609 778 649; x_wconf 83' lang='lat' dir='ltr'><strong>fundum</strong></span> <span class='ocrx_word' id='word_1_61' title='bbox 788 611 897 648; x_wconf 86' lang='lat' dir='ltr'><strong>maris</strong></span> <span class='ocrx_word' id='word_1_62' title='bbox 914 623 1175 654; x_wconf 77' lang='lat' dir='ltr'><strong>conuertatur3</strong></span> <span class='ocrx_word' id='word_1_63' title='bbox 1206 613 1398 665; x_wconf 76' lang='lat' dir='ltr'><strong>pedesque</strong></span> <span class='ocrx_word' id='word_1_64' title='bbox 1422 616 1507 654; x_wconf 86' lang='lat' dir='ltr'><strong>illos</strong></span> <span class='ocrx_word' id='word_1_65' title='bbox 1527 619 1634 666; x_wconf 74' lang='lat' dir='ltr'><strong>plane</strong></span> <span class='ocrx_word' id='word_1_66' title='bbox 1653 621 1728 659; x_wconf 73' lang='lat' dir='ltr'><strong>riis-</strong></span> 
     </span>
     <span class='ocr_line' id='line_1_8' title="bbox 219 664 1724 721; baseline 0.008 -20"><span class='ocrx_word' id='word_1_67' title='bbox 219 676 370 716; x_wconf 81' lang='lat' dir='ltr'><strong>parere,</strong></span> <span class='ocrx_word' id='word_1_68' title='bbox 401 664 501 702; x_wconf 83' lang='lat' dir='ltr'><strong>fimul</strong></span> <span class='ocrx_word' id='word_1_69' title='bbox 528 677 638 716; x_wconf 81' lang='lat' dir='ltr'><strong>atque</strong></span> <span class='ocrx_word' id='word_1_70' title='bbox 651 666 785 704; x_wconf 86' lang='lat' dir='ltr'>Echini</span> <span class='ocrx_word' id='word_1_71' title='bbox 804 680 851 705; x_wconf 83' lang='lat' dir='ltr'><strong>ex</strong></span> <span class='ocrx_word' id='word_1_72' title='bbox 870 680 959 718; x_wconf 81' lang='lat' dir='ltr'><strong>aqua</strong></span> <span class='ocrx_word' id='word_1_73' title='bbox 977 668 1154 718; x_wconf 48' lang='lat' dir='ltr'><strong>protracii</strong></span> <span class='ocrx_word' id='word_1_74' title='bbox 1174 669 1253 708; x_wconf 79' lang='lat' dir='ltr'><strong>sint.</strong></span> <span class='ocrx_word' id='word_1_75' title='bbox 1313 672 1435 721; x_wconf 87' lang='lat' dir='ltr'><strong>Atque</strong></span> <span class='ocrx_word' id='word_1_76' title='bbox 1451 673 1539 713; x_wconf 81' lang='lat' dir='ltr'><strong>inde</strong></span> <span class='ocrx_word' id='word_1_77' title='bbox 1556 670 1724 714; x_wconf 72' lang='lat' dir='ltr'><strong>errorem</strong></span> 
     </span>
     <span class='ocr_line' id='line_1_9' title="bbox 221 720 1723 780; baseline 0.009 -23"><span class='ocrx_word' id='word_1_78' title='bbox 221 733 305 758; x_wconf 87' lang='lat' dir='ltr'><strong>eum</strong></span> <span class='ocrx_word' id='word_1_79' title='bbox 321 733 448 758; x_wconf 88' lang='lat' dir='ltr'><strong>natum</strong></span> <span class='ocrx_word' id='word_1_80' title='bbox 474 720 562 767; x_wconf 84' lang='lat' dir='ltr'><strong>esse,</strong></span> <span class='ocrx_word' id='word_1_81' title='bbox 600 734 678 772; x_wconf 90' lang='lat' dir='ltr'><strong>quo</strong></span> <span class='ocrx_word' id='word_1_82' title='bbox 712 723 848 761; x_wconf 85' lang='lat' dir='ltr'>aculeis</span> <span class='ocrx_word' id='word_1_83' title='bbox 876 723 1010 762; x_wconf 84' lang='lat' dir='ltr'>Echini</span> <span class='ocrx_word' id='word_1_84' title='bbox 1042 724 1220 763; x_wconf 87' lang='lat' dir='ltr'><strong>incedere</strong></span> <span class='ocrx_word' id='word_1_85' title='bbox 1247 726 1479 766; x_wconf 87' lang='lat' dir='ltr'><strong>dicerentur:</strong></span> <span class='ocrx_word' id='word_1_86' title='bbox 1526 733 1723 780; x_wconf 70' lang='lat' dir='ltr'><strong>cognitum</strong></span> 
     </span>
     <span class='ocr_line' id='line_1_10' title="bbox 219 776 1722 835; baseline 0.007 -21"><span class='ocrx_word' id='word_1_87' title='bbox 219 776 319 814; x_wconf 86' lang='lat' dir='ltr'><strong>enim</strong></span> <span class='ocrx_word' id='word_1_88' title='bbox 338 776 440 815; x_wconf 82' lang='lat' dir='ltr'><strong>fuisse</strong></span> <span class='ocrx_word' id='word_1_89' title='bbox 464 777 631 815; x_wconf 88' lang='lat' dir='ltr'>Echinos</span> <span class='ocrx_word' id='word_1_90' title='bbox 649 781 816 826; x_wconf 89' lang='lat' dir='ltr'><strong>moueri,</strong></span> <span class='ocrx_word' id='word_1_91' title='bbox 847 792 971 830; x_wconf 82' lang='lat' dir='ltr'><strong>neque</strong></span> <span class='ocrx_word' id='word_1_92' title='bbox 1005 791 1129 818; x_wconf 81' lang='lat' dir='ltr'><strong>tamen</strong></span> <span class='ocrx_word' id='word_1_93' title='bbox 1155 782 1272 831; x_wconf 87' lang='lat' dir='ltr'><strong>pedes</strong></span> <span class='ocrx_word' id='word_1_94' title='bbox 1297 783 1571 823; x_wconf 70' lang='lat' dir='ltr'><strong>animaduersos</strong></span> <span class='ocrx_word' id='word_1_95' title='bbox 1609 788 1722 835; x_wconf 65' lang='lat' dir='ltr'><strong>fuine,</strong></span> 
     </span>
     <span class='ocr_line' id='line_1_11' title="bbox 219 833 1719 884; baseline 0.007 -14"><span class='ocrx_word' id='word_1_96' title='bbox 219 846 303 870; x_wconf 89' lang='lat' dir='ltr'><strong>cum</strong></span> <span class='ocrx_word' id='word_1_97' title='bbox 326 834 363 871; x_wconf 92' lang='lat' dir='ltr'><strong>in</strong></span> <span class='ocrx_word' id='word_1_98' title='bbox 382 833 462 884; x_wconf 85' lang='lat' dir='ltr'><strong>ipso</strong></span> <span class='ocrx_word' id='word_1_99' title='bbox 482 834 570 871; x_wconf 86' lang='lat' dir='ltr'><strong>mari</strong></span> <span class='ocrx_word' id='word_1_100' title='bbox 589 847 719 872; x_wconf 82' lang='lat' dir='ltr'><strong>eorum</strong></span> <span class='ocrx_word' id='word_1_101' title='bbox 746 835 902 873; x_wconf 76' lang='lat' dir='ltr'><strong>incestus</strong></span> <span class='ocrx_word' id='word_1_102' title='bbox 920 849 999 874; x_wconf 92' lang='lat' dir='ltr'><strong>non</strong></span> <span class='ocrx_word' id='word_1_103' title='bbox 1018 836 1104 873; x_wconf 75' lang='lat' dir='ltr'><strong>eflet</strong></span> <span class='ocrx_word' id='word_1_104' title='bbox 1121 837 1346 876; x_wconf 79' lang='lat' dir='ltr'><strong>obseruatus.</strong></span> <span class='ocrx_word' id='word_1_105' title='bbox 1379 840 1580 879; x_wconf 71' lang='lat' dir='ltr'><strong>Caeterum</strong></span> <span class='ocrx_word' id='word_1_106' title='bbox 1604 844 1670 880; x_wconf 72' lang='lat' dir='ltr'>hac</span> <span class='ocrx_word' id='word_1_107' title='bbox 1684 845 1719 881; x_wconf 90' lang='lat' dir='ltr'><strong>in</strong></span> 
     </span>
     <span class='ocr_line' id='line_1_12' title="bbox 216 889 1719 945; baseline 0.007 -19"><span class='ocrx_word' id='word_1_108' title='bbox 216 901 257 926; x_wconf 88' lang='lat' dir='ltr'><strong>re</strong></span> <span class='ocrx_word' id='word_1_109' title='bbox 268 890 435 927; x_wconf 84' lang='lat' dir='ltr'>Echinos</span> <span class='ocrx_word' id='word_1_110' title='bbox 448 889 655 927; x_wconf 79' lang='lat' dir='ltr'><strong>efl&#39;elimilcs</strong></span> <span class='ocrx_word' id='word_1_111' title='bbox 669 890 825 934; x_wconf 66' lang='lat' dir='ltr'><strong>Afferiis.</strong></span> <span class='ocrx_word' id='word_1_112' title='bbox 847 892 994 938; x_wconf 75' lang='lat' dir='ltr'><strong>Contra</strong></span> <span class='ocrx_word' id='word_1_113' title='bbox 1007 891 1097 930; x_wconf 78' lang='lat' dir='ltr'><strong>haec</strong></span> <span class='ocrx_word' id='word_1_114' title='bbox 1110 893 1299 932; x_wconf 74' lang='lat' dir='ltr'><strong>obseruata</strong></span> <span class='ocrx_word' id='word_1_115' title='bbox 1311 908 1484 934; x_wconf 64' lang='lat' dir='ltr'><strong>nfiAviuvit</strong></span> <span class='ocrx_word' id='word_1_116' title='bbox 1498 897 1544 934; x_wconf 82' lang='lat' dir='ltr'><strong>ib.</strong></span> <span class='ocrx_word' id='word_1_117' title='bbox 1558 911 1586 936; x_wconf 78' lang='lat' dir='ltr'><strong>a.</strong></span> <span class='ocrx_word' id='word_1_118' title='bbox 1606 913 1613 935; x_wconf 84' lang='grc' dir='ltr'><strong>ι</strong></span> <span class='ocrx_word' id='word_1_119' title='bbox 1631 914 1646 945; x_wconf 81' lang='lat'><em>7</em></span> <span class='ocrx_word' id='word_1_120' title='bbox 1663 915 1670 936; x_wconf 87' lang='lat'><em>1</em></span> <span class='ocrx_word' id='word_1_121' title='bbox 1687 916 1719 939; x_wconf 66' lang='grc' dir='ltr'><strong>ι.</strong></span> 
     </span>
     <span class='ocr_line' id='line_1_13' title="bbox 218 945 1723 1001; baseline 0.007 -19"><span class='ocrx_word' id='word_1_122' title='bbox 218 945 332 993; x_wconf 91' lang='lat' dir='ltr'><strong>dicit,</strong></span> <span class='ocrx_word' id='word_1_123' title='bbox 358 945 413 992; x_wconf 90' lang='lat' dir='ltr'><strong>se,</strong></span> <span class='ocrx_word' id='word_1_124' title='bbox 442 959 526 983; x_wconf 89' lang='lat' dir='ltr'><strong>cum</strong></span> <span class='ocrx_word' id='word_1_125' title='bbox 551 946 781 985; x_wconf 84' lang='lat' dir='ltr'><strong>Echinos-in</strong></span> <span class='ocrx_word' id='word_1_126' title='bbox 809 960 882 994; x_wconf 84' lang='lat' dir='ltr'><strong>vas,</strong></span> <span class='ocrx_word' id='word_1_127' title='bbox 904 961 994 998; x_wconf 78' lang='lat' dir='ltr'><strong>aqua</strong></span> <span class='ocrx_word' id='word_1_128' title='bbox 1025 948 1162 985; x_wconf 79' lang='lat' dir='ltr'><strong>marina</strong></span> <span class='ocrx_word' id='word_1_129' title='bbox 1189 950 1384 1001; x_wconf 87' lang='lat' dir='ltr'><strong>repletum,</strong></span> <span class='ocrx_word' id='word_1_130' title='bbox 1402 951 1640 1001; x_wconf 78' lang='lat' dir='ltr'><strong>immitteret,</strong></span> <span class='ocrx_word' id='word_1_131' title='bbox 1672 959 1723 993; x_wconf 63' lang='lat' dir='ltr'><strong>xi-</strong></span> 
     </span>
     <span class='ocr_line' id='line_1_14' title="bbox 217 1001 1719 1053; baseline 0.008 -16"><span class='ocrx_word' id='word_1_132' title='bbox 217 1001 305 1038; x_wconf 78' lang='lat' dir='ltr'><strong>diffe</strong></span> <span class='ocrx_word' id='word_1_133' title='bbox 323 1002 477 1039; x_wconf 89' lang='lat' dir='ltr'><strong>eosdem</strong></span> <span class='ocrx_word' id='word_1_134' title='bbox 496 1002 633 1040; x_wconf 83' lang='lat' dir='ltr'><strong>aculeis</strong></span> <span class='ocrx_word' id='word_1_135' title='bbox 651 1004 816 1052; x_wconf 88' lang='lat' dir='ltr'><strong>moueri,</strong></span> <span class='ocrx_word' id='word_1_136' title='bbox 846 1003 1022 1053; x_wconf 87' lang='lat' dir='ltr'><strong>idemque</strong></span> <span class='ocrx_word' id='word_1_137' title='bbox 1041 1005 1220 1052; x_wconf 76' lang='lat' dir='ltr'><strong>euenill&#39;e,</strong></span> <span class='ocrx_word' id='word_1_138' title='bbox 1258 1019 1342 1044; x_wconf 85' lang='lat' dir='ltr'><strong>cum</strong></span> <span class='ocrx_word' id='word_1_139' title='bbox 1372 1020 1480 1046; x_wconf 79' lang='lat' dir='ltr'><strong>manu</strong></span> <span class='ocrx_word' id='word_1_140' title='bbox 1506 1009 1591 1047; x_wconf 91' lang='lat' dir='ltr'><strong>illos</strong></span> <span class='ocrx_word' id='word_1_141' title='bbox 1617 1023 1719 1049; x_wconf 84' lang='lat' dir='ltr'><strong>tene-</strong></span> 
     </span>
     <span class='ocr_line' id='line_1_15' title="bbox 219 1057 1717 1117; baseline 0.007 -23"><span class='ocrx_word' id='word_1_142' title='bbox 219 1069 288 1095; x_wconf 83' lang='lat' dir='ltr'><strong>ret.</strong></span> <span class='ocrx_word' id='word_1_143' title='bbox 351 1057 487 1104; x_wconf 87' lang='lat' dir='ltr'><strong>Pedes,</strong></span> <span class='ocrx_word' id='word_1_144' title='bbox 515 1071 611 1107; x_wconf 86' lang='lat' dir='ltr'><strong>quos</strong></span> <span class='ocrx_word' id='word_1_145' title='bbox 647 1072 969 1098; x_wconf 73' lang='lat' dir='ltr'><strong>GANDOLPHvs</strong></span> <span class='ocrx_word' id='word_1_146' title='bbox 993 1061 1106 1108; x_wconf 88' lang='lat' dir='ltr'><strong>dicit,</strong></span> <span class='ocrx_word' id='word_1_147' title='bbox 1132 1061 1213 1099; x_wconf 89' lang='lat' dir='ltr'><strong>sunt</strong></span> <span class='ocrx_word' id='word_1_148' title='bbox 1237 1064 1421 1102; x_wconf 74' lang='lat' dir='ltr'>tentacula</span> <span class='ocrx_word' id='word_1_149' title='bbox 1438 1064 1614 1113; x_wconf 79' lang='lat' dir='ltr'><strong>animalis,</strong></span> <span class='ocrx_word' id='word_1_150' title='bbox 1639 1069 1717 1117; x_wconf 86' lang='lat' dir='ltr'><strong>qui-</strong></span> 
     </span>
     <span class='ocr_line' id='line_1_16' title="bbox 218 1114 1720 1173; baseline 0.007 -21"><span class='ocrx_word' id='word_1_151' title='bbox 218 1115 285 1152; x_wconf 81' lang='lat' dir='ltr'><strong>bus</strong></span> <span class='ocrx_word' id='word_1_152' title='bbox 307 1115 338 1152; x_wconf 75' lang='lat' dir='ltr'><strong>se</strong></span> <span class='ocrx_word' id='word_1_153' title='bbox 354 1114 444 1152; x_wconf 88' lang='lat' dir='ltr'><strong>loco</strong></span> <span class='ocrx_word' id='word_1_154' title='bbox 464 1114 607 1151; x_wconf 82' lang='lat' dir='ltr'><strong>cuidam</strong></span> <span class='ocrx_word' id='word_1_155' title='bbox 619 1114 742 1165; x_wconf 75' lang='lat' dir='ltr'><strong>affigit,</strong></span> <span class='ocrx_word' id='word_1_156' title='bbox 753 1128 863 1166; x_wconf 83' lang='lat' dir='ltr'><strong>atque</strong></span> <span class='ocrx_word' id='word_1_157' title='bbox 881 1127 1089 1166; x_wconf 77' lang='lat' dir='ltr'><strong>praetentat</strong></span> <span class='ocrx_word' id='word_1_158' title='bbox 1106 1118 1250 1165; x_wconf 86' lang='lat' dir='ltr'><strong>iisdem,</strong></span> <span class='ocrx_word' id='word_1_159' title='bbox 1263 1129 1300 1156; x_wconf 89' lang='lat' dir='ltr'><strong>et</strong></span> <span class='ocrx_word' id='word_1_160' title='bbox 1323 1119 1462 1167; x_wconf 84' lang='lat' dir='ltr'><strong>locum,</strong></span> <span class='ocrx_word' id='word_1_161' title='bbox 1481 1121 1542 1171; x_wconf 85' lang='lat' dir='ltr'><strong>qui</strong></span> <span class='ocrx_word' id='word_1_162' title='bbox 1561 1122 1720 1173; x_wconf 84' lang='lat' dir='ltr'><strong>seipsum</strong></span> 
     </span>
     <span class='ocr_line' id='line_1_17' title="bbox 217 1170 1720 1221; baseline 0.006 -13"><span class='ocrx_word' id='word_1_163' title='bbox 217 1171 436 1217; x_wconf 76' lang='lat' dir='ltr'><strong>circumdat,</strong></span> <span class='ocrx_word' id='word_1_164' title='bbox 449 1170 632 1219; x_wconf 86' lang='lat' dir='ltr'><strong>disquirit.</strong></span> <span class='ocrx_word' id='word_1_165' title='bbox 688 1171 856 1221; x_wconf 82' lang='lat' dir='ltr'><strong>Ideoque</strong></span> <span class='ocrx_word' id='word_1_166' title='bbox 873 1172 965 1209; x_wconf 77' lang='lat' dir='ltr'><strong>haec</strong></span> <span class='ocrx_word' id='word_1_167' title='bbox 983 1173 1166 1209; x_wconf 83' lang='lat' dir='ltr'><strong>tentacula</strong></span> <span class='ocrx_word' id='word_1_168' title='bbox 1183 1173 1206 1210; x_wconf 87' lang='lat' dir='ltr'><strong>s.</strong></span> <span class='ocrx_word' id='word_1_169' title='bbox 1225 1187 1365 1211; x_wconf 81' lang='lat' dir='ltr'><strong>cornua</strong></span> <span class='ocrx_word' id='word_1_170' title='bbox 1384 1177 1555 1215; x_wconf 85' lang='lat' dir='ltr'><strong>extendit</strong></span> <span class='ocrx_word' id='word_1_171' title='bbox 1572 1190 1609 1216; x_wconf 87' lang='lat' dir='ltr'><strong>et</strong></span> <span class='ocrx_word' id='word_1_172' title='bbox 1625 1191 1720 1218; x_wconf 88' lang='lat' dir='ltr'><strong>con-</strong></span> 
     </span>
     <span class='ocr_line' id='line_1_18' title="bbox 216 1226 1718 1276; baseline 0.005 -11"><span class='ocrx_word' id='word_1_173' title='bbox 216 1228 330 1265; x_wconf 85' lang='lat' dir='ltr'><strong>trahit</strong></span> <span class='ocrx_word' id='word_1_174' title='bbox 352 1226 556 1263; x_wconf 73' lang='lat' dir='ltr'><strong>alternatim</strong></span> <span class='ocrx_word' id='word_1_175' title='bbox 576 1238 646 1276; x_wconf 88' lang='lat' dir='ltr'><strong>pro</strong></span> <span class='ocrx_word' id='word_1_176' title='bbox 669 1226 806 1273; x_wconf 84' lang='lat' dir='ltr'><strong>lubitu,</strong></span> <span class='ocrx_word' id='word_1_177' title='bbox 834 1227 922 1265; x_wconf 86' lang='lat' dir='ltr'><strong>dum</strong></span> <span class='ocrx_word' id='word_1_178' title='bbox 951 1227 1105 1266; x_wconf 84' lang='lat' dir='ltr'><strong>incedit.</strong></span> <span class='ocrx_word' id='word_1_179' title='bbox 1165 1229 1313 1267; x_wconf 80' lang='lat' dir='ltr'><strong>Horum</strong></span> <span class='ocrx_word' id='word_1_180' title='bbox 1339 1232 1616 1271; x_wconf 85' lang='lat' dir='ltr'><strong>tentaculorum</strong></span> <span class='ocrx_word' id='word_1_181' title='bbox 1648 1247 1718 1273; x_wconf 91' lang='lat' dir='ltr'><strong>nu-</strong></span> 
     </span>
     <span class='ocr_line' id='line_1_19' title="bbox 216 1282 1719 1333; baseline 0.005 -11"><span class='ocrx_word' id='word_1_182' title='bbox 216 1296 340 1322; x_wconf 86' lang='lat' dir='ltr'><strong>merus</strong></span> <span class='ocrx_word' id='word_1_183' title='bbox 363 1283 398 1319; x_wconf 90' lang='lat' dir='ltr'><strong>in</strong></span> <span class='ocrx_word' id='word_1_184' title='bbox 415 1283 509 1332; x_wconf 80' lang='lat' dir='ltr'><strong>ignis</strong></span> <span class='ocrx_word' id='word_1_185' title='bbox 527 1282 597 1329; x_wconf 82' lang='lat' dir='ltr'><strong>est,</strong></span> <span class='ocrx_word' id='word_1_186' title='bbox 627 1282 672 1320; x_wconf 85' lang='lat' dir='ltr'><strong>ad</strong></span> <span class='ocrx_word' id='word_1_187' title='bbox 705 1296 819 1330; x_wconf 84' lang='lat'><strong>1300,</strong></span> <span class='ocrx_word' id='word_1_188' title='bbox 839 1295 962 1333; x_wconf 90' lang='lat' dir='ltr'><strong>neque</strong></span> <span class='ocrx_word' id='word_1_189' title='bbox 986 1283 1103 1321; x_wconf 89' lang='lat' dir='ltr'><strong>solum</strong></span> <span class='ocrx_word' id='word_1_190' title='bbox 1122 1283 1220 1323; x_wconf 84' lang='lat' dir='ltr'><strong>circa</strong></span> <span class='ocrx_word' id='word_1_191' title='bbox 1244 1297 1310 1332; x_wconf 90' lang='lat' dir='ltr'><strong>os,</strong></span> <span class='ocrx_word' id='word_1_192' title='bbox 1349 1286 1411 1324; x_wconf 85' lang='lat' dir='ltr'><strong>sed</strong></span> <span class='ocrx_word' id='word_1_193' title='bbox 1436 1287 1545 1326; x_wconf 79' lang='lat' dir='ltr'><strong>etiam</strong></span> <span class='ocrx_word' id='word_1_194' title='bbox 1570 1288 1609 1326; x_wconf 89' lang='lat' dir='ltr'><strong>in</strong></span> <span class='ocrx_word' id='word_1_195' title='bbox 1635 1291 1719 1329; x_wconf 85' lang='lat' dir='ltr'><strong>reli·</strong></span> 
     </span>
     <span class='ocr_line' id='line_1_20' title="bbox 216 1337 1717 1398; baseline 0.005 -21"><span class='ocrx_word' id='word_1_196' title='bbox 216 1340 298 1389; x_wconf 90' lang='lat' dir='ltr'><strong>quis</strong></span> <span class='ocrx_word' id='word_1_197' title='bbox 317 1339 430 1377; x_wconf 65' lang='lat' dir='ltr'><strong>testae</strong></span> <span class='ocrx_word' id='word_1_198' title='bbox 445 1337 608 1389; x_wconf 80' lang='lat' dir='ltr'><strong>partibus</strong></span> <span class='ocrx_word' id='word_1_199' title='bbox 629 1338 924 1390; x_wconf 86' lang='lat' dir='ltr'><strong>conspiciuntur.</strong></span> <span class='ocrx_word' id='word_1_200' title='bbox 984 1341 1134 1391; x_wconf 88' lang='lat' dir='ltr'><strong>Nempe</strong></span> <span class='ocrx_word' id='word_1_201' title='bbox 1152 1353 1198 1379; x_wconf 86' lang='lat' dir='ltr'><strong>ex</strong></span> <span class='ocrx_word' id='word_1_202' title='bbox 1215 1342 1391 1381; x_wconf 85' lang='lat' dir='ltr'><strong>omnibus</strong></span> <span class='ocrx_word' id='word_1_203' title='bbox 1410 1354 1448 1381; x_wconf 87' lang='lat' dir='ltr'><strong>et</strong></span> <span class='ocrx_word' id='word_1_204' title='bbox 1473 1343 1618 1395; x_wconf 81' lang='lat' dir='ltr'><strong>lingulis</strong></span> <span class='ocrx_word' id='word_1_205' title='bbox 1644 1360 1717 1398; x_wconf 85' lang='lat' dir='ltr'><strong>po·</strong></span> 
     </span>
     <span class='ocr_line' id='line_1_21' title="bbox 184 1393 1716 1452; baseline 0.007 -21"><span class='ocrx_word' id='word_1_206' title='bbox 184 1442 187 1443; x_wconf 19' lang='lat'><em>⁷</em></span> <span class='ocrx_word' id='word_1_207' title='bbox 214 1397 286 1443; x_wconf 85' lang='lat' dir='ltr'><strong>ris,</strong></span> <span class='ocrx_word' id='word_1_208' title='bbox 317 1395 378 1446; x_wconf 85' lang='lat' dir='ltr'><strong>qui</strong></span> <span class='ocrx_word' id='word_1_209' title='bbox 400 1395 435 1431; x_wconf 88' lang='lat' dir='ltr'><strong>in</strong></span> <span class='ocrx_word' id='word_1_210' title='bbox 462 1393 679 1432; x_wconf 74' lang='lat' dir='ltr'><strong>ambulacris</strong></span> <span class='ocrx_word' id='word_1_211' title='bbox 698 1393 793 1443; x_wconf 91' lang='lat' dir='ltr'><strong>sunt,</strong></span> <span class='ocrx_word' id='word_1_212' title='bbox 823 1396 1007 1434; x_wconf 78' lang='lat' dir='ltr'><strong>tentacula</strong></span> <span class='ocrx_word' id='word_1_213' title='bbox 1022 1396 1111 1433; x_wconf 87' lang='lat' dir='ltr'><strong>haec</strong></span> <span class='ocrx_word' id='word_1_214' title='bbox 1130 1396 1151 1435; x_wconf 90' lang='lat' dir='ltr'><strong>s.</strong></span> <span class='ocrx_word' id='word_1_215' title='bbox 1171 1411 1312 1436; x_wconf 88' lang='lat' dir='ltr'><strong>cornua</strong></span> <span class='ocrx_word' id='word_1_216' title='bbox 1330 1399 1562 1439; x_wconf 78' lang='lat' dir='ltr'><strong>exoriuntur.</strong></span> <span class='ocrx_word' id='word_1_217' title='bbox 1595 1403 1716 1452; x_wconf 81' lang='lat' dir='ltr'><strong>Quod</strong></span> 
     </span>
     <span class='ocr_line' id='line_1_22' title="bbox 214 1447 1714 1506; baseline 0.003 -14"><span class='ocrx_word' id='word_1_218' title='bbox 214 1452 239 1492; x_wconf 78' lang='lat' dir='ltr'><strong>{i</strong></span> <span class='ocrx_word' id='word_1_219' title='bbox 263 1447 335 1490; x_wconf 83' lang='lat' dir='ltr'><strong>iarn</strong></span> <span class='ocrx_word' id='word_1_220' title='bbox 360 1451 515 1489; x_wconf 89' lang='lat' dir='ltr'><strong>echinus</strong></span> <span class='ocrx_word' id='word_1_221' title='bbox 540 1449 580 1487; x_wconf 93' lang='lat' dir='ltr'><strong>in</strong></span> <span class='ocrx_word' id='word_1_222' title='bbox 601 1464 691 1500; x_wconf 78' lang='lat' dir='ltr'><strong>aqua</strong></span> <span class='ocrx_word' id='word_1_223' title='bbox 719 1451 983 1502; x_wconf 84' lang='lat' dir='ltr'><strong>progreditur,</strong></span> <span class='ocrx_word' id='word_1_224' title='bbox 1030 1465 1068 1488; x_wconf 81' lang='lat' dir='ltr'><strong>ea</strong></span> <span class='ocrx_word' id='word_1_225' title='bbox 1095 1453 1301 1500; x_wconf 75' lang='lat' dir='ltr'><strong>tentacula,</strong></span> <span class='ocrx_word' id='word_1_226' title='bbox 1335 1468 1428 1504; x_wconf 87' lang='lat' dir='ltr'><strong>quae</strong></span> <span class='ocrx_word' id='word_1_227' title='bbox 1452 1455 1488 1493; x_wconf 89' lang='lat' dir='ltr'><strong>in</strong></span> <span class='ocrx_word' id='word_1_228' title='bbox 1505 1456 1640 1506; x_wconf 67' lang='lat' dir='ltr'><strong>latere,</strong></span> <span class='ocrx_word' id='word_1_229' title='bbox 1667 1460 1714 1497; x_wconf 87' lang='lat' dir='ltr'><strong>ad</strong></span> 
     </span>
     <span class='ocr_line' id='line_1_23' title="bbox 214 1506 1714 1560; baseline 0.003 -13"><span class='ocrx_word' id='word_1_230' title='bbox 214 1507 322 1560; x_wconf 84' lang='lat' dir='ltr'><strong>quod</strong></span> <span class='ocrx_word' id='word_1_231' title='bbox 343 1506 485 1552; x_wconf 88' lang='lat' dir='ltr'><strong>tendit,</strong></span> <span class='ocrx_word' id='word_1_232' title='bbox 509 1506 624 1556; x_wconf 82' lang='lat' dir='ltr'><strong>polita</strong></span> <span class='ocrx_word' id='word_1_233' title='bbox 642 1506 742 1553; x_wconf 89' lang='lat' dir='ltr'><strong>sunt,</strong></span> <span class='ocrx_word' id='word_1_234' title='bbox 772 1506 1043 1544; x_wconf 87' lang='lat' dir='ltr'><strong>extenduntur:</strong></span> <span class='ocrx_word' id='word_1_235' title='bbox 1082 1508 1119 1544; x_wconf 88' lang='lat' dir='ltr'><strong>Si</strong></span> <span class='ocrx_word' id='word_1_236' title='bbox 1144 1509 1298 1558; x_wconf 87' lang='lat' dir='ltr'><strong>quiescit</strong></span> <span class='ocrx_word' id='word_1_237' title='bbox 1328 1522 1389 1557; x_wconf 85' lang='lat' dir='ltr'><strong>ea,</strong></span> <span class='ocrx_word' id='word_1_238' title='bbox 1432 1512 1564 1560; x_wconf 88' lang='lat' dir='ltr'><strong>quibus</strong></span> <span class='ocrx_word' id='word_1_239' title='bbox 1583 1513 1624 1551; x_wconf 79' lang='lat' dir='ltr'><strong>&#39;se</strong></span> <span class='ocrx_word' id='word_1_240' title='bbox 1656 1515 1714 1552; x_wconf 81' lang='lat' dir='ltr'><strong>alii</strong></span> 
     </span>
     <span class='ocr_line' id='line_1_24' title="bbox 215 1561 1713 1618; baseline 0.003 -15"><span class='ocrx_word' id='word_1_241' title='bbox 215 1563 372 1614; x_wconf 89' lang='lat' dir='ltr'><strong>corpori</strong></span> <span class='ocrx_word' id='word_1_242' title='bbox 389 1561 523 1608; x_wconf 83' lang='lat' dir='ltr'><strong>affixit,</strong></span> <span class='ocrx_word' id='word_1_243' title='bbox 548 1562 695 1599; x_wconf 76' lang='lat' dir='ltr'><strong>extensa</strong></span> <span class='ocrx_word' id='word_1_244' title='bbox 721 1573 886 1609; x_wconf 84' lang='lat' dir='ltr'><strong>manent,</strong></span> <span class='ocrx_word' id='word_1_245' title='bbox 925 1563 1061 1611; x_wconf 80' lang='lat' dir='ltr'><strong>reliqua</strong></span> <span class='ocrx_word' id='word_1_246' title='bbox 1087 1564 1239 1602; x_wconf 66' lang='lat' dir='ltr'><strong>retrffla</strong></span> <span class='ocrx_word' id='word_1_247' title='bbox 1261 1565 1353 1604; x_wconf 91' lang='lat' dir='ltr'><strong>sunt.</strong></span> <span class='ocrx_word' id='word_1_248' title='bbox 1440 1567 1550 1604; x_wconf 76' lang='lat' dir='ltr'><strong>Extra</strong></span> <span class='ocrx_word' id='word_1_249' title='bbox 1583 1581 1713 1618; x_wconf 74' lang='lat' dir='ltr'><strong>aquam</strong></span> 
     </span>
     <span class='ocr_line' id='line_1_25' title="bbox 215 1617 1716 1668; baseline 0.004 -11"><span class='ocrx_word' id='word_1_250' title='bbox 215 1620 349 1666; x_wconf 80' lang='lat' dir='ltr'><strong>rnifl‘us,</strong></span> <span class='ocrx_word' id='word_1_251' title='bbox 382 1619 506 1656; x_wconf 82' lang='lat' dir='ltr'><strong>omnia</strong></span> <span class='ocrx_word' id='word_1_252' title='bbox 525 1618 708 1655; x_wconf 83' lang='lat' dir='ltr'><strong>tentacula</strong></span> <span class='ocrx_word' id='word_1_253' title='bbox 725 1617 878 1656; x_wconf 80' lang='lat' dir='ltr'><strong>retrahit</strong></span> <span class='ocrx_word' id='word_1_254' title='bbox 897 1618 1082 1666; x_wconf 78' lang='lat' dir='ltr'><strong>Echinus,</strong></span> <span class='ocrx_word' id='word_1_255' title='bbox 1112 1619 1172 1668; x_wconf 76' lang='lat' dir='ltr'><strong>ita,</strong></span> <span class='ocrx_word' id='word_1_256' title='bbox 1189 1631 1229 1658; x_wconf 90' lang='lat' dir='ltr'><strong>vt</strong></span> <span class='ocrx_word' id='word_1_257' title='bbox 1245 1634 1375 1659; x_wconf 84' lang='lat' dir='ltr'><strong>eorum</strong></span> <span class='ocrx_word' id='word_1_258' title='bbox 1396 1622 1617 1661; x_wconf 72' lang='lat' dir='ltr'><strong>summitates</strong></span> <span class='ocrx_word' id='word_1_259' title='bbox 1636 1637 1716 1663; x_wconf 77' lang='lat' dir='ltr'><strong>tan·</strong></span> 
     </span>
     <span class='ocr_line' id='line_1_26' title="bbox 214 1674 1715 1731; baseline 0.003 -16"><span class='ocrx_word' id='word_1_260' title='bbox 214 1689 292 1715; x_wconf 87' lang='lat' dir='ltr'><strong>tum</strong></span> <span class='ocrx_word' id='word_1_261' title='bbox 312 1675 375 1713; x_wconf 91' lang='lat' dir='ltr'><strong>sub</strong></span> <span class='ocrx_word' id='word_1_262' title='bbox 394 1674 528 1712; x_wconf 82' lang='lat' dir='ltr'><strong>aculeis</strong></span> <span class='ocrx_word' id='word_1_263' title='bbox 555 1674 904 1714; x_wconf 80' lang='lat' dir='ltr'><strong>animaduertantnr.</strong></span> <span class='ocrx_word' id='word_1_264' title='bbox 962 1675 1111 1712; x_wconf 83' lang='lat' dir='ltr'><strong>Aculeis</strong></span> <span class='ocrx_word' id='word_1_265' title='bbox 1129 1688 1250 1713; x_wconf 71' lang='lat' dir='ltr'><strong>autem</strong></span> <span class='ocrx_word' id='word_1_266' title='bbox 1268 1677 1331 1724; x_wconf 91' lang='lat' dir='ltr'><strong>iis,</strong></span> <span class='ocrx_word' id='word_1_267' title='bbox 1364 1678 1425 1727; x_wconf 88' lang='lat' dir='ltr'><strong>qui</strong></span> <span class='ocrx_word' id='word_1_268' title='bbox 1445 1678 1542 1717; x_wconf 59' lang='lat' dir='ltr'><strong>circa</strong></span> <span class='ocrx_word' id='word_1_269' title='bbox 1572 1693 1617 1717; x_wconf 84' lang='lat' dir='ltr'><strong>os</strong></span> <span class='ocrx_word' id='word_1_270' title='bbox 1644 1694 1715 1731; x_wconf 83' lang='lat' dir='ltr'><strong>po-</strong></span> 
     </span>
     <span class='ocr_line' id='line_1_27' title="bbox 215 1729 1712 1784; baseline 0.003 -15"><span class='ocrx_word' id='word_1_271' title='bbox 215 1733 266 1773; x_wconf 83' lang='lat' dir='ltr'><strong>fiti</strong></span> <span class='ocrx_word' id='word_1_272' title='bbox 285 1731 387 1778; x_wconf 72' lang='lat' dir='ltr'><strong>limt,</strong></span> <span class='ocrx_word' id='word_1_273' title='bbox 414 1729 632 1781; x_wconf 86' lang='lat' dir='ltr'><strong>plerumque</strong></span> <span class='ocrx_word' id='word_1_274' title='bbox 648 1730 809 1778; x_wconf 89' lang='lat' dir='ltr'><strong>incedit,</strong></span> <span class='ocrx_word' id='word_1_275' title='bbox 839 1730 1003 1779; x_wconf 88' lang='lat' dir='ltr'><strong>quicum</strong></span> <span class='ocrx_word' id='word_1_276' title='bbox 1031 1730 1067 1767; x_wconf 91' lang='lat' dir='ltr'><strong>in</strong></span> <span class='ocrx_word' id='word_1_277' title='bbox 1088 1744 1221 1769; x_wconf 71' lang='lat' dir='ltr'><strong>onmes</strong></span> <span class='ocrx_word' id='word_1_278' title='bbox 1241 1743 1363 1783; x_wconf 85' lang='lat' dir='ltr'><strong>partes</strong></span> <span class='ocrx_word' id='word_1_279' title='bbox 1382 1733 1477 1771; x_wconf 56' lang='lat' dir='ltr'><strong>flec&#39;ii</strong></span> <span class='ocrx_word' id='word_1_280' title='bbox 1494 1747 1643 1784; x_wconf 78' lang='lat' dir='ltr'><strong>queant,</strong></span> <span class='ocrx_word' id='word_1_281' title='bbox 1662 1738 1712 1775; x_wconf 80' lang='lat' dir='ltr'><strong>fa-</strong></span> 
     </span>
     <span class='ocr_line' id='line_1_28' title="bbox 215 1785 1713 1838; baseline 0.003 -12"><span class='ocrx_word' id='word_1_282' title='bbox 215 1788 324 1827; x_wconf 77' lang='lat' dir='ltr'><strong>cilem</strong></span> <span class='ocrx_word' id='word_1_283' title='bbox 344 1798 381 1824; x_wconf 88' lang='lat' dir='ltr'><strong>ct</strong></span> <span class='ocrx_word' id='word_1_284' title='bbox 399 1796 589 1836; x_wconf 86' lang='lat' dir='ltr'><strong>promtum</strong></span> <span class='ocrx_word' id='word_1_285' title='bbox 608 1785 782 1823; x_wconf 71' lang='lat' dir='ltr'><strong>incestum</strong></span> <span class='ocrx_word' id='word_1_286' title='bbox 801 1785 947 1824; x_wconf 69' lang='lat' dir='ltr'><strong>animali</strong></span> <span class='ocrx_word' id='word_1_287' title='bbox 968 1787 1186 1825; x_wconf 75' lang='lat' dir='ltr'><strong>conciliant.</strong></span> <span class='ocrx_word' id='word_1_288' title='bbox 1243 1789 1373 1826; x_wconf 84' lang='lat' dir='ltr'><strong>Aculei</strong></span> <span class='ocrx_word' id='word_1_289' title='bbox 1397 1789 1441 1827; x_wconf 81' lang='lat' dir='ltr'><strong>ab</strong></span> <span class='ocrx_word' id='word_1_290' title='bbox 1459 1802 1506 1826; x_wconf 88' lang='lat' dir='ltr'><strong>eo</strong></span> <span class='ocrx_word' id='word_1_291' title='bbox 1523 1790 1635 1838; x_wconf 89' lang='lat' dir='ltr'><strong>loco,</strong></span> <span class='ocrx_word' id='word_1_292' title='bbox 1666 1792 1713 1830; x_wconf 79' lang='lat' dir='ltr'><strong>ad</strong></span> 
     </span>
     <span class='ocr_line' id='line_1_29' title="bbox 214 1841 1714 1895; baseline 0.003 -14"><span class='ocrx_word' id='word_1_293' title='bbox 214 1856 325 1895; x_wconf 89' lang='lat' dir='ltr'><strong>quem</strong></span> <span class='ocrx_word' id='word_1_294' title='bbox 351 1841 493 1888; x_wconf 85' lang='lat' dir='ltr'><strong>tendit,</strong></span> <span class='ocrx_word' id='word_1_295' title='bbox 524 1841 709 1892; x_wconf 79' lang='lat' dir='ltr'><strong>proximi,</strong></span> <span class='ocrx_word' id='word_1_296' title='bbox 739 1841 792 1880; x_wconf 92' lang='lat' dir='ltr'><strong>vti</strong></span> <span class='ocrx_word' id='word_1_297' title='bbox 811 1853 849 1879; x_wconf 90' lang='lat' dir='ltr'><strong>et</strong></span> <span class='ocrx_word' id='word_1_298' title='bbox 866 1842 1024 1879; x_wconf 80' lang='lat' dir='ltr'><strong>maxime</strong></span> <span class='ocrx_word' id='word_1_299' title='bbox 1043 1843 1199 1890; x_wconf 85' lang='lat' dir='ltr'><strong>remoti,</strong></span> <span class='ocrx_word' id='word_1_300' title='bbox 1229 1845 1261 1881; x_wconf 90' lang='lat' dir='ltr'><strong>ei</strong></span> <span class='ocrx_word' id='word_1_301' title='bbox 1288 1843 1387 1882; x_wconf 78' lang='lat' dir='ltr'><strong>simul</strong></span> <span class='ocrx_word' id='word_1_302' title='bbox 1420 1845 1639 1885; x_wconf 83' lang='lat' dir='ltr'><strong>inseruiunt:</strong></span> <span class='ocrx_word' id='word_1_303' title='bbox 1672 1850 1714 1887; x_wconf 91' lang='lat' dir='ltr'><strong>il-</strong></span> 
     </span>
     <span class='ocr_line' id='line_1_30' title="bbox 212 1897 1711 1951; baseline 0.003 -13"><span class='ocrx_word' id='word_1_304' title='bbox 212 1902 256 1939; x_wconf 85' lang='lat' dir='ltr'><strong>lis</strong></span> <span class='ocrx_word' id='word_1_305' title='bbox 274 1910 413 1950; x_wconf 88' lang='lat' dir='ltr'><strong>corpus</strong></span> <span class='ocrx_word' id='word_1_306' title='bbox 438 1897 538 1935; x_wconf 89' lang='lat' dir='ltr'><strong>suum</strong></span> <span class='ocrx_word' id='word_1_307' title='bbox 558 1898 725 1945; x_wconf 65' lang='lat' dir='ltr'><strong>attrahit,</strong></span> <span class='ocrx_word' id='word_1_308' title='bbox 754 1909 866 1948; x_wconf 79' lang='lat' dir='ltr'><strong>atque</strong></span> <span class='ocrx_word' id='word_1_309' title='bbox 891 1898 948 1935; x_wconf 86' lang='lat' dir='ltr'><strong>his</strong></span> <span class='ocrx_word' id='word_1_310' title='bbox 974 1898 1008 1935; x_wconf 86' lang='lat' dir='ltr'><strong>se</strong></span> <span class='ocrx_word' id='word_1_311' title='bbox 1036 1899 1128 1948; x_wconf 64' lang='lat' dir='ltr'><strong>quafi</strong></span> <span class='ocrx_word' id='word_1_312' title='bbox 1148 1900 1339 1951; x_wconf 82' lang='lat' dir='ltr'><strong>propellit.</strong></span> <span class='ocrx_word' id='word_1_313' title='bbox 1397 1902 1598 1940; x_wconf 87' lang='lat' dir='ltr'><strong>Proximos</strong></span> <span class='ocrx_word' id='word_1_314' title='bbox 1610 1905 1711 1943; x_wconf 87' lang='lat' dir='ltr'><strong>enim</strong></span> 
     </span>
     <span class='ocr_line' id='line_1_31' title="bbox 211 1953 1709 2010; baseline 0.002 -15"><span class='ocrx_word' id='word_1_315' title='bbox 211 1959 340 1996; x_wconf 75' lang='lat' dir='ltr'><strong>abore</strong></span> <span class='ocrx_word' id='word_1_316' title='bbox 362 1953 512 1992; x_wconf 81' lang='lat' dir='ltr'><strong>aculcos</strong></span> <span class='ocrx_word' id='word_1_317' title='bbox 532 1953 721 2001; x_wconf 80' lang='lat' dir='ltr'><strong>extendit,</strong></span> <span class='ocrx_word' id='word_1_318' title='bbox 753 1954 879 2003; x_wconf 83' lang='lat' dir='ltr'><strong>quoad</strong></span> <span class='ocrx_word' id='word_1_319' title='bbox 903 1956 1046 2005; x_wconf 74' lang='lat' dir='ltr'><strong>potest,</strong></span> <span class='ocrx_word' id='word_1_320' title='bbox 1087 1956 1273 2003; x_wconf 86' lang='lat' dir='ltr'><strong>maxime,</strong></span> <span class='ocrx_word' id='word_1_321' title='bbox 1309 1969 1453 2007; x_wconf 88' lang='lat' dir='ltr'><strong>eosque</strong></span> <span class='ocrx_word' id='word_1_322' title='bbox 1482 1961 1709 2010; x_wconf 82' lang='lat' dir='ltr'><strong>corporibus</strong></span> 
     </span>
     <span class='ocr_line' id='line_1_32' title="bbox 211 2009 1708 2065; baseline 0.003 -16"><span class='ocrx_word' id='word_1_323' title='bbox 211 2011 352 2061; x_wconf 79' lang='lat' dir='ltr'><strong>infigit,</strong></span> <span class='ocrx_word' id='word_1_324' title='bbox 382 2023 465 2048; x_wconf 85' lang='lat' dir='ltr'><strong>cum</strong></span> <span class='ocrx_word' id='word_1_325' title='bbox 485 2023 645 2059; x_wconf 80' lang='lat' dir='ltr'><strong>quorum</strong></span> <span class='ocrx_word' id='word_1_326' title='bbox 668 2009 860 2059; x_wconf 84' lang='lat' dir='ltr'><strong>superficie</strong></span> <span class='ocrx_word' id='word_1_327' title='bbox 875 2011 1048 2061; x_wconf 79' lang='lat' dir='ltr'><strong>angulum</strong></span> <span class='ocrx_word' id='word_1_328' title='bbox 1068 2023 1214 2049; x_wconf 63' lang='lat' dir='ltr'><strong>acutum</strong></span> <span class='ocrx_word' id='word_1_329' title='bbox 1237 2012 1341 2053; x_wconf 56' lang='lat' dir='ltr'><strong>facim</strong></span> <span class='ocrx_word' id='word_1_330' title='bbox 1373 2026 1411 2051; x_wconf 89' lang='lat' dir='ltr'><strong>et</strong></span> <span class='ocrx_word' id='word_1_331' title='bbox 1428 2026 1560 2052; x_wconf 84' lang='lat' dir='ltr'><strong>contra</strong></span> <span class='ocrx_word' id='word_1_332' title='bbox 1592 2016 1708 2065; x_wconf 72' lang='lat' dir='ltr'><strong>spinas</strong></span> 
     </span>
     <span class='ocr_line' id='line_1_33' title="bbox 211 2066 1712 2118; baseline 0.002 -12"><span class='ocrx_word' id='word_1_333' title='bbox 211 2078 376 2109; x_wconf 78' lang='lat' dir='ltr'><strong>remotas</strong></span> <span class='ocrx_word' id='word_1_334' title='bbox 395 2066 438 2103; x_wconf 81' lang='lat' dir='ltr'><strong>ad</strong></span> <span class='ocrx_word' id='word_1_335' title='bbox 457 2080 501 2104; x_wconf 90' lang='lat' dir='ltr'><strong>os</strong></span> <span class='ocrx_word' id='word_1_336' title='bbox 521 2066 677 2105; x_wconf 62' lang='lat' dir='ltr'><strong>attrahit.</strong></span> <span class='ocrx_word' id='word_1_337' title='bbox 707 2066 819 2104; x_wconf 88' lang='lat' dir='ltr'><strong>Vnde</strong></span> <span class='ocrx_word' id='word_1_338' title='bbox 841 2078 944 2117; x_wconf 78' lang='lat' dir='ltr'><strong>patet</strong></span> <span class='ocrx_word' id='word_1_339' title='bbox 974 2067 1156 2105; x_wconf 76' lang='lat' dir='ltr'><strong>Echinum</strong></span> <span class='ocrx_word' id='word_1_340' title='bbox 1183 2068 1280 2106; x_wconf 88' lang='lat' dir='ltr'><strong>limul</strong></span> <span class='ocrx_word' id='word_1_341' title='bbox 1297 2070 1444 2118; x_wconf 83' lang='lat' dir='ltr'><strong>priores</strong></span> <span class='ocrx_word' id='word_1_342' title='bbox 1472 2071 1622 2108; x_wconf 79' lang='lat' dir='ltr'><strong>aculcos</strong></span> <span class='ocrx_word' id='word_1_343' title='bbox 1641 2073 1712 2110; x_wconf 78' lang='lat' dir='ltr'><strong>ele-</strong></span> 
     </span>
     <span class='ocr_line' id='line_1_34' title="bbox 213 2122 1712 2177; baseline 0.002 -15"><span class='ocrx_word' id='word_1_344' title='bbox 213 2137 321 2177; x_wconf 76' lang='lat' dir='ltr'><strong>vare,</strong></span> <span class='ocrx_word' id='word_1_345' title='bbox 350 2123 437 2161; x_wconf 89' lang='lat' dir='ltr'><strong>dum</strong></span> <span class='ocrx_word' id='word_1_346' title='bbox 456 2123 528 2160; x_wconf 89' lang='lat' dir='ltr'><strong>hos</strong></span> <span class='ocrx_word' id='word_1_347' title='bbox 548 2122 591 2159; x_wconf 76' lang='lat' dir='ltr'><strong>ad</strong></span> <span class='ocrx_word' id='word_1_348' title='bbox 611 2122 884 2164; x_wconf 69' lang='lat' dir='ltr'><strong>balinattrahit.</strong></span> <span class='ocrx_word' id='word_1_349' title='bbox 955 2125 1080 2174; x_wconf 86' lang='lat' dir='ltr'><strong>Atque</strong></span> <span class='ocrx_word' id='word_1_350' title='bbox 1111 2124 1233 2162; x_wconf 74' lang='lat' dir='ltr'><strong>similis</strong></span> <span class='ocrx_word' id='word_1_351' title='bbox 1267 2127 1318 2163; x_wconf 84' lang='lat' dir='ltr'><strong>est</strong></span> <span class='ocrx_word' id='word_1_352' title='bbox 1344 2126 1459 2172; x_wconf 83' lang='lat' dir='ltr'><strong>ratio,</strong></span> <span class='ocrx_word' id='word_1_353' title='bbox 1495 2126 1517 2163; x_wconf 85' lang='lat' dir='ltr'>fi</span> <span class='ocrx_word' id='word_1_354' title='bbox 1535 2128 1712 2175; x_wconf 66' lang='lat' dir='ltr'><strong>lichinus,</strong></span> 
     </span>
     <span class='ocr_line' id='line_1_35' title="bbox 215 2178 1710 2232; baseline 0.002 -13"><span class='ocrx_word' id='word_1_355' title='bbox 215 2193 284 2220; x_wconf 84' lang='lat' dir='ltr'><strong>ore</strong></span> <span class='ocrx_word' id='word_1_356' title='bbox 309 2178 428 2217; x_wconf 85' lang='lat' dir='ltr'><strong>versus</strong></span> <span class='ocrx_word' id='word_1_357' title='bbox 447 2179 631 2229; x_wconf 83' lang='lat' dir='ltr'><strong>superiora</strong></span> <span class='ocrx_word' id='word_1_358' title='bbox 650 2178 814 2226; x_wconf 65' lang='lat' dir='ltr'><strong>dii-edio,</strong></span> <span class='ocrx_word' id='word_1_359' title='bbox 842 2179 1013 2226; x_wconf 86' lang='lat' dir='ltr'><strong>incedat,</strong></span> <span class='ocrx_word' id='word_1_360' title='bbox 1045 2179 1266 2230; x_wconf 83' lang='lat' dir='ltr'><strong>videturque</strong></span> <span class='ocrx_word' id='word_1_361' title='bbox 1283 2181 1501 2231; x_wconf 80' lang='lat' dir='ltr'><strong>verosimile,</strong></span> <span class='ocrx_word' id='word_1_362' title='bbox 1528 2184 1710 2232; x_wconf 85' lang='lat' dir='ltr'><strong>Echinos,</strong></span> 
     </span>
     <span class='ocr_line' id='line_1_36' title="bbox 211 2234 1599 2292; baseline 0 -14"><span class='ocrx_word' id='word_1_363' title='bbox 211 2239 250 2278; x_wconf 87' lang='lat' dir='ltr'><strong>in</strong></span> <span class='ocrx_word' id='word_1_364' title='bbox 269 2247 497 2290; x_wconf 86' lang='lat' dir='ltr'><strong>quocunque</strong></span> <span class='ocrx_word' id='word_1_365' title='bbox 519 2234 670 2274; x_wconf 85' lang='lat' dir='ltr'><strong>demum</strong></span> <span class='ocrx_word' id='word_1_366' title='bbox 688 2236 861 2288; x_wconf 90' lang='lat' dir='ltr'><strong>corporis</strong></span> <span class='ocrx_word' id='word_1_367' title='bbox 878 2235 943 2275; x_wconf 81' lang='lat' dir='ltr'><strong>litu</strong></span> <span class='ocrx_word' id='word_1_368' title='bbox 961 2235 1040 2284; x_wconf 78' lang='lat' dir='ltr'><strong>lint,</strong></span> <span class='ocrx_word' id='word_1_369' title='bbox 1057 2236 1237 2288; x_wconf 82' lang='lat' dir='ltr'><strong>progredi</strong></span> <span class='ocrx_word' id='word_1_370' title='bbox 1253 2237 1332 2277; x_wconf 89' lang='lat' dir='ltr'>hoc</span> <span class='ocrx_word' id='word_1_371' title='bbox 1349 2237 1470 2278; x_wconf 90' lang='lat' dir='ltr'><strong>modo</strong></span> <span class='ocrx_word' id='word_1_372' title='bbox 1483 2238 1599 2292; x_wconf 74' lang='lat' dir='ltr'><strong>poste.</strong></span> 
     </span>
    </p>
   </div>
   <div class='ocr_carea' id='block_1_3' title="bbox 971 2333 1715 2374">
    <p class='ocr_par' dir='ltr' id='par_1_3' title="bbox 971 2333 1715 2374">
     <span class='ocr_line' id='line_1_37' title="bbox 971 2333 1715 2374; baseline 0.001 -1"><span class='ocrx_word' id='word_1_373' title='bbox 971 2333 1004 2373; x_wconf 88' lang='lat' dir='ltr'>A</span> <span class='ocrx_word' id='word_1_374' title='bbox 1037 2349 1057 2373; x_wconf 81' lang='lat'>2</span> <span class='ocrx_word' id='word_1_375' title='bbox 1609 2335 1715 2374; x_wconf 80' lang='lat' dir='ltr'><strong>Haec</strong></span> 
     </span>
    </p>
   </div>
  </div>
 </body>
</html>
