2242 2930
468 250 519 275 Ao
551 246 693 274 nemu
717 244 1021 282 Dispostrrouw
1052 243 1432 278 ECHINODERMATVM.'
1643 252 1697 291 ις’

313 336 350 374 Si
367 334 447 384 quis
466 332 590 369 debita
618 331 796 369 cautione
818 330 1046 381 superiorem
1076 331 1189 368 testae
1211 341 1354 380 partem
1383 333 1607 383 aliquantum
1634 350 1694 378 re.

204 392 386 437 mouerit,
417 388 606 435 cuntium,
634 388 742 425 instar
759 387 900 436 stellae,
932 398 1188 438 pentagonum
1219 386 1420 437 speetatur,
1448 402 1577 439 magna
1597 406 1693 433 ouo-

201 460 282 484 rum
303 446 410 494 copia
432 443 626 494 repletum,
659 455 782 481 tantae
798 443 997 492 aliquando
1020 442 1300 492 magnitudinis,
1329 454 1369 481 vt
1393 443 1482 482 dua-s
1504 448 1627 485 tertias
1639 460 1693 487 te-

204 504 278 539 stae
295 512 417 552 partes
437 500 601 549 expleat:
635 512 711 549 quo
729 511 835 536 caute
851 510 1017 546 exemto,
1048 510 1195 549 praeter
1214 499 1391 549 quaedam
1404 500 1533 550 ignota
1548 502 1694 551 viscera,

199 557 363 595 animalis
382 557 550 594 intestina
571 557 749 606 quinque,
776 556 912 605 lingula
931 555 1076 606 lingulis
1096 555 1286 606 triangulis
1307 556 1510 596 maioribus
1529 558 1693 610 adposita

197 625 386 664 apparent,
420 613 496 652 vid.
516 613 594 663 Fig.
618 626 650 659 3.
669 613 767 651 Tab.
794 614 923 657 XLIII,
1709 613 1782 683 gab.
1803 617 1908 651 XLIII.

1735 664 1745 682 1
1771 678 1777 684 .
1817 678 1823 686 ι

311 693 455 742 Quodli
474 693 667 730 dimidium
686 705 748 732 aut
766 693 855 732 duas
873 694 1029 733 trientes
1048 695 1183 741 testae,
1215 693 1372 745 superne
1398 694 1574 733 ferrando
1590 725 1602 744 ,
1643 695 1695 737 se-
1749 664 1777 721 g·
1798 665 1813 695 3

196 762 318 801 pares,
345 750 401 788 vel
418 750 566 801 forcipe
581 751 726 797 avellas,
757 763 794 788 et
811 762 1014 789 memorata
1034 751 1203 789 intestina
1223 764 1306 788 cum
1328 751 1458 789 ouario
1479 751 1692 802 aliisquevi-

195 805 358 845 secribus
378 818 484 844 caute
500 807 669 845 extrahas
691 818 727 843 et
745 807 856 855 eluas,
885 807 985 846 intus
1007 808 1042 843 in
1067 806 1207 854 medio,
1237 805 1343 856 super
1367 807 1526 844 faucium
1546 821 1690 859 apertu-

196 875 256 910 ra,
289 862 434 901 ollicula
459 863 602 912 aliquot
626 863 857 913 conspicies,
885 862 1042 900 naturali
1063 863 1100 899 in
1130 862 1193 899 litu
1221 861 1305 909 su0,
1332 875 1501 900 coronae
1527 863 1686 914 speciem

197 919 271 958 siue
289 920 451 959 laternae
469 932 556 969 prae
574 918 608 956 se
634 919 810 966 ferentia,
839 918 939 956 vnde
965 932 1010 956 ex
1037 918 1147 970 primi
1175 918 1334 957 auctoris
1363 919 1519 957 nomine
1542 920 1687 961 laterna
1722 915 1796 962 Tals.
1829 917 1875 943 ’-

197 977 398 1025 Aristotelis
416 976 581 1023 audiunt,
608 975 799 1014 vid.⁸Tab.
818 975 897 1013 ead.
917 977 942 1012 F
946 976 990 1026 ig,
1009 990 1048 1021 4,
1746 959 1811 997 [ἧς.
1830 970 1858 999 4.

313 1060 420 1108 Quae
436 1057 572 1095 laterna
588 1055 751 1094 maxillas
772 1055 931 1094 mobiles
952 1067 990 1094 et
1007 1055 1140 1094 dentes
1161 1054 1325 1093 animalis
1345 1056 1548 1096 continens
1567 1058 1605 1096 in
1616 1059 1689 1098 tab.

199 1115 329 1154 eadem
349 1127 372 1152 a
389 1116 462 1164 Fig.
482 1128 519 1159 4.
532 1110 727 1164 'separatim
745 1112 963 1151 delineatur.
1023 1114 1109 1151 Nos
1128 1111 1294 1150 eiusdem
1318 1113 1531 1151 strushiram
1549 1115 1633 1166 post
1645 1128 1686 1154 ea
1702 1127 1788 1139 --
1830 1129 1858 1153 ι.

200 1173 244 1211 ad
265 1173 297 1222 §.
319 1184 353 1219 5.
373 1183 519 1209 κιΕιΝιι
533 1170 574 1207 de
588 1170 722 1207 aculeis
739 1170 855 1207 Echin.
882 1181 1127 1220 exponemus.

307 1252 386 1301 Fig.
409 1263 444 1296 5.
463 1248 577 1287 offert
593 1248 740 1286 officula
775 1249 962 1298 quinque,
991 1262 1084 1298 quae
1109 1260 1282 1287 ssAsTx-:Ro
1314 1248 1480 1287 maxillae
1505 1250 1600 1288 fixae
1632 1252 1685 1290 di-
1703 1278 1745 1288 .-
1766 1267 1829 1308 ffig·
1855 1278 1881 1308 5·

194 1319 342 1356 cuntur,
372 1307 504 1357 quibus
525 1318 642 1344 nexae
659 1304 740 1343 sunt
759 1304 926 1342 maxillae
936 1305 1110 1348 mobiles.

310 1390 415 1437 Quae
432 1388 479 1425 de
496 1386 554 1425 vsu
574 1387 788 1425 aculeorum
808 1397 845 1423 et
862 1386 1136 1425 tentaculorum
1154 1386 1266 1425 habet
1280 1399 1531 1435 nnsnznvssta
1548 1389 1618 1429 iam
1635 1390 1687 1430 su·

196 1459 260 1500 pra
279 1459 316 1498 p.
337 1450 402 1490 68.
423 1443 732 1483 commemoraui.

306 1524 383 1566 Vel
401 1525 444 1563 ad
462 1526 557 1562 hanc
575 1524 811 1570 varietatem,
842 1522 900 1560 vel
918 1521 962 1559 ad
982 1521 1091 1572 ipsam
1117 1523 1293 1561 Cidarern
1313 1523 1495 1563 saxatilem
1521 1527 1688 1576 pertinet

198 1598 239 1624 ea
255 1583 408 1635 species,
432 1581 536 1619 cuius
553 1580 741 1618 historiam
763 1579 917 1617 tradidit
932 1592 1112 1618 REAVMVR
1129 1581 1166 1617 in
1190 1581 1277 1618 ac‘lis
1300 1581 1416 1632 ‘'⁶¹²'ss-
1443 1595 1478 1620 a.
1496 1595 1579 1629 1712.
1601 1577 1693 1634 pag}

195 1640 267 1688 177.
287 1640 358 1679 tab.
378 1647 411 1682 8.

310 1731 546 1758 GVALTn-:nvs
565 1718 601 1756 in
620 1718 690 1756 ind.
708 1716 782 1763 test.
799 1729 824 1755 t.
843 1717 961 1766 107.f.
988 1719 1027 1752 A.
1048 1716 1145 1751 hanc
1162 1713 1352 1752 nominat:
1377 1716 1683 1759 Echinometram

198 1776 438 1828 compresshm
459 1775 600 1826 papillis
619 1774 834 1811 minusculis
853 1782 891 1807 et
907 1771 1069 1807 minimis
1095 1769 1254 1807 seriatim
1282 1782 1320 1808 et
1346 1771 1536 1821 eleganter
1559 1775 1685 1813 distin-

197 1836 289 1869 &am
314 1846 362 1866 cx
378 1827 626 1876 amethystino
646 1838 683 1863 et
699 1827 824 1864 albicio
844 1827 978 1864 colore
995 1825 1186 1863 radiatam:
1216 1828 1383 1877 quamuis
1401 1828 1473 1879 ipsa
1491 1829 1583 1868 icon
1603 1845 1654 1870 no

191 1886 273 1925 satis
292 1884 490 1934 diligenter
507 1881 598 1921 facia
615 1882 677 1922 est.
1635 1894 1637 1897 ·

309 1986 547 2013 Ant-,Emitte
566 1971 679 2012 conch.
699 1975 738 2012 P.
757 1975 799 2013 ΙΙ,
811 1984 846 2023 p.
866 1979 911 2012 62.
927 1974 1000 2014 tab.
1033 1972 1153 2024 Vlzf.
1175 1975 1217 2011 A.
1235 1973 1400 2013 Echinus
1427 1975 1571 2014 coloris
1596 1977 1685 2016 varii

195 2032 252 2072 vel
268 2031 440 2077 violacei,
461 2029 518 2068 vel
535 2028 663 2068 serene
683 2031 778 2078 flaui,
812 2032 868 2069 vel
890 2030 1031 2078 viridis,
1048 2030 1106 2068 vel
1124 2031 1246 2077 bruni,
1271 2030 1330 2069 vel
1348 2032 1506 2070 obscure
1530 2033 1613 2073 albi.

308 2132 475 2159 noccou.
491 2120 583 2159 rech.
597 2131 632 2170 p.
659 2127 728 2165 296.
759 2120 942 2159 Echinum
971 2120 1138 2158 ouarium
1166 2120 1280 2158 icone
1305 2120 1530 2160 delineatum
1559 2123 1691 2171 tradit,

195 2179 243 2216 de
260 2189 336 2227 quo
356 2176 500 2213 definiri
518 2189 620 2214 certe
644 2189 725 2214 non
743 2177 845 2225 licet,
872 2190 914 2215 an
937 2177 979 2214 ad
997 2176 1172 2214 Cidarem
1193 2176 1439 2226 esculentam,
1467 2192 1512 2216 an
1532 2193 1623 2217 vero
1636 2180 1680 2217 ad

193 2234 342 2274 alteram
359 2232 455 2271 hanc
474 2232 632 2284 speciem
651 2234 846 2286 pertineat.
859 2234 981 2282 ibimp.
999 2242 1069 2279 298.
1089 2232 1281 2272 Echinites
1301 2233 1450 2274 ouarius
1463 2234 1686 2279 delineatur-,⁴

934 2291 969 2328 D
1041 2291 1044 2295 '
1571 2292 1683 2329 Vtra-
