2242 2930
574 262 629 299 30
1182 258 1476 287 immunitum

576 350 688 389 etiam
706 348 768 386 hic
787 347 914 385 locum
931 345 1135 393 haberent,
1166 344 1350 395 sequitur,
1379 355 1418 382 vt
1441 343 1568 394 primo
1597 340 1738 379 suturae
1771 339 2076 390 adimplerentur,

578 419 620 445 et
642 405 780 443 deinde
797 403 998 455 particulae
1025 401 1254 450 crystallinae
1280 399 1401 438 versus
1425 399 1584 437 mediam
1609 409 1751 448 partem
1786 396 2009 442 tenderent,
2039 406 2075 431 et

579 475 670 501 curn
688 462 745 510 iis,
763 459 941 509 quaeillic
961 459 1031 496 iam
1049 458 1222 504 aderant,
1253 469 1334 494 non
1360 468 1453 493 vero
1478 468 1562 492 cum
1591 455 1679 491 testa
1711 453 1854 499 echini,
1898 451 2077 489 cohaere-

580 528 678 557 rent.
736 517 856 567 Apice
875 515 1124 553 terminantur
1143 514 1210 550 hae
1226 512 1381 550 cellulae
1396 512 1616 561 hexagonae
1645 510 1754 557 ideo,
1782 508 1887 559 quod
1924 506 2076 556 crystal-

581 575 658 620 lus,
689 585 782 624 quae
802 572 932 610 suturis
949 570 1126 608 insidebat
1135 598 1147 618 ,
1171 568 1409 619 aequabiliter
1428 567 1616 606 oriebatur
1643 578 1756 617 atque
1784 566 1874 603 'hinc
1898 564 1937 601 in
1961 575 2076 601 vnum
2112 574 2117 579 ’

577 642 752 669 centrum
771 628 907 667 coibat.

695 704 891 755 Reperitur
909 700 1211 753 elegantissimum
1234 700 1341 739 huius
1366 698 1499 750 speciei
1521 698 1708 748 exemplar
1724 698 1762 735 in
1781 697 1907 736 museo
1925 694 2080 743 serenis-

580 763 658 809 fimi
679 761 854 807 Principis
880 761 905 795 F
917 772 938 795 R
948 771 958 794 1
967 772 993 794 D
1006 771 1024 795 Ε
1037 771 1058 794 R
1070 771 1080 794 ι
1093 771 1114 793 c
1127 771 1136 794 1
1155 757 1190 793 C
1203 770 1225 793 A
1236 770 1258 793 rt
1269 769 1292 793 o
1304 769 1325 793 L
1337 770 1350 794 1
1367 769 1389 792 a
1406 754 1660 803 Schwarzbmg
1670 754 1869 802 Rudelstadt
1881 753 1984 791 cuius
2003 764 2083 790 mu—

582 815 775 856 nifieentia
797 813 888 851 illud
923 812 1039 863 ipsum
1068 811 1391 849 communicatum
1408 810 1550 860 accepi.

701 889 901 940 Singularis
919 889 1044 938 itaque
1069 887 1177 925 huius
1210 886 1387 937 eorporis
1417 883 1592 923 struc’mra
1630 885 1900 924 accuratiorem
1925 886 2081 923 iconem

584 947 722 988 mereri
740 946 954 993 videbatur,
983 957 1092 995 quam
1112 944 1182 981 iam
1217 943 1256 980 in
1287 942 1367 992 ipso
1392 941 1475 980 libri
1491 940 1602 979 titulo
1629 942 1814 990 exhibeo,
1844 953 1883 980 et
1915 941 2004 992 quid
2031 941 2079 977 de

585 1005 666 1043 hoc
683 1014 850 1055 corpore
867 1001 1040 1049 sentiam,
1070 1000 1235 1042 breuiter
1251 998 1444 1041 indicabo,

701 1080 781 1118 Alia
799 1090 839 1117 et
855 1077 1015 1117 inferior
1041 1077 1120 1115 eius
1149 1088 1232 1127 pars
1251 1075 1302 1113 est
1319 1088 1458 1113 cornea
1475 1075 1501 1114 s.
1520 1073 1624 1113 filicis
1642 1074 1786 1124 igniarii
1801 1074 1936 1122 solida,
1961 1072 2082 1124 supre-

588 1151 650 1178 ma
668 1148 775 1188 parte
793 1145 977 1182 truncata,
995 1133 1091 1184 quali
1108 1132 1147 1171 fit
1166 1132 1289 1170 cultro
1315 1131 1471 1170 abscissa.
1526 1133 1568 1168 In
1593 1131 1664 1169 bali
1681 1131 1791 1169 huius
1822 1142 1987 1169 corneae
2004 1141 2085 1180 par·

587 1195 639 1233 tis
665 1202 818 1244 apparet
846 1189 1025 1243 eamveffe
1060 1188 1212 1226 frustum
1249 1186 1451 1234 Echinitae‚
1481 1187 1527 1225 ad
1573 1188 1706 1224 Galeas
1735 1187 1937 1226 KLmNri
1971 1184 2085 1235 perti-

587 1249 725 1289 nentis.
782 1248 881 1284 Nam
897 1245 1028 1283 eadem
1047 1247 1124 1282 oris
1137 1273 1147 1291 ,
1175 1254 1286 1292 atque
1311 1242 1607 1280 ambulacrorurn
1627 1241 1892 1292 pupillosorum
1909 1242 2012 1279 adest
2028 1252 2082 1277 ra-

587 1307 669 1349 tio,
692 1302 840 1354 quaein
860 1301 921 1352 fig.
939 1301 989 1341 C.
1007 1302 1054 1339 D.
1070 1300 1169 1338 Tab.
1193 1299 1291 1336 XVI.
1325 1298 1550 1336 delineatur:
1590 1298 1824 1347 ambitusque
1842 1297 2010 1336 eiusdem
2037 1308 2081 1332 o-

592 1362 681 1400 valis
712 1359 813 1396 idem
846 1357 1090 1398 demonstrat,
1146 1354 1283 1392 Maiori
1305 1354 1416 1403 igitur
1440 1355 1520 1391 iure
1537 1354 1615 1391 hoc
1643 1354 1830 1404 specimen
1875 1354 1921 1392 ard
1953 1353 2084 1391 Galeas

592 1418 773 1455 refertur:
804 1426 889 1451 cum
906 1423 1034 1450 tamen
1062 1412 1281 1449 VVALtzfflvs
1318 1409 1418 1446 idem
1442 1422 1528 1447 cum
1553 1411 1704 1447 Bromia
1737 1409 1920 1460 siluogineo
1952 1410 2083 1446 Orea-

591 1487 646 1510 ειη
672 1480 886 1518 comparet,
918 1468 966 1505 de
984 1479 1061 1518 quo
1087 1469 1273 1505 Kmmvs
1299 1464 1340 1502 iu
1384 1464 1453 1503 hac
1490 1465 1743 1517 paragrapho,
1773 1466 1881 1504 nolui
1896 1466 1996 1503 idem
2022 1465 2085 1502 hie

586 1537 801 1581 praeterire.

709 1602 788 1641 Alia
807 1600 973 1651 superior
989 1611 1095 1652 pars,
1121 1597 1242 1650 priori
1256 1598 1402 1646 innata,
1428 1608 1466 1636 et
1481 1610 1570 1636 cum
1585 1596 1717 1635 eadem
1738 1596 1870 1635 intime
1888 1609 2001 1645 nexa,
2033 1597 2085 1636 est

588 1671 755 1713 quarzea
770 1669 1026 1707 transparens,
1057 1655 1081 1692 i.
1098 1667 1131 1692 e.
1162 1667 1247 1692 cum
1285 1656 1538 1693 WALCHIO
1574 1654 1793 1704 crystallina.
1852 1651 2000 1704 Viginti
2030 1653 2082 1691 se-

596 1718 669 1755 ries
695 1713 927 1758 cellularum,
955 1723 1108 1762 quarum
1127 1710 1235 1747 binae
1251 1711 1394 1748 vicinae
1411 1711 1618 1748 alternatim
1646 1712 1808 1750 maiores
1833 1707 1935 1757 sunt,
1964 1709 2085 1748 mino-

595 1783 725 1818 resue‚
758 1781 806 1806 ex
831 1768 968 1805 ambitu
985 1767 1030 1804 ad
1047 1778 1158 1803 vnum
1175 1767 1354 1804 verticem
1373 1765 1621 1814 adscendunt,
1651 1776 1690 1803 et
1710 1779 1787 1816 quo
1816 1765 1932 1814 tnagis
1953 1765 2086 1805 vertici

597 1825 823 1879 propioreS,
855 1835 902 1861 eo
922 1822 1089 1860 minores
1108 1820 1214 1858 fiunt.
1280 1821 1447 1859 Cellulae
1473 1822 1542 1859 hae
1567 1834 1649 1859 non
1674 1820 1790 1859 solum
1813 1821 1896 1858 sunt
1922 1821 2086 1871 hexago-

598 1895 689 1922 nae3
720 1879 782 1919 sed
807 1879 866 1919 vel
907 1889 1153 1930 pentagono,
1178 1876 1241 1915 vel
1288 1876 1513 1927 hexagono,
1553 1877 1614 1915 vel
1671 1877 1891 1928 heptagono
1920 1878 2087 1927 margine

599 1938 829 1984 ambiuntur,
853 1935 916 1985 qui
932 1945 1052 1972 autem
1073 1945 1167 1970 mox
1191 1932 1231 1970 in
1248 1942 1408 1983 quatuor
1424 1933 1538 1970 latera
1564 1932 1819 1981 contrahitur,
1850 1945 1941 1983 quae
1975 1933 2087 1971 cellu-

598 1995 669 2033 lam
694 1991 957 2044 pyramidalem
981 1987 1206 2027 tetrae'dram
1237 1988 1411 2026 formant.
1470 1988 1639 2026 Cellulae
1651 2001 1789 2039 nempe
1808 1989 1980 2036 maiores,
1992 2002 2087 2039 quae

598 2048 847 2101 *probabiliter
873 2047 965 2084 areis
989 2044 1191 2083 maioribus
1215 2044 1336 2083 Echini
1363 2044 1555 2093 quondam
1582 2043 1787 2096 suppositae
1814 2044 1985 2092 fuerunt,
2006 2046 2089 2096 plu-

601 2106 716 2143 rimae
736 2103 818 2142 sunt
833 2103 1083 2153 heptagonae‚
1103 2113 1211 2138 auum
1228 2112 1305 2139 vno
1322 2100 1434 2137 latere
1445 2113 1530 2138 cum
1547 2100 1665 2138 sutura
1680 2100 1811 2138 serrata
1822 2113 1859 2139 et
1874 2101 1984 2139 altera
2003 2114 2088 2140 cum

597 2159 743 2200 cellulis
767 2171 930 2197 arearum
951 2157 1141 2195 minorum
1158 2156 1274 2194 tribus
1299 2155 1509 2206 iungantur.
1572 2155 1771 2196 Pauciores
1798 2157 1950 2196 cellulae
1973 2159 2090 2196 maio-

598 2228 684 2266 res,
713 2215 846 2267 quibus
864 2214 957 2253 duae
974 2222 1119 2252 tantum
1139 2212 1296 2252 cellulae
1324 2213 1492 2251 minores
1520 2213 1713 2261 adiacent,
1757 2212 1839 2253 sunt
1857 2214 2088 2263 hexagonae.

1926 2269 2093 2308 Cellulae
