2242 2930
765 247 1092 287 PRAEFA‘rio?
1656 251 1704 289 111

209 347 264 388 mi
284 358 358 384 vm
374 355 543 382 PHELSVM
564 353 687 396 opera
706 341 882 383 multum
895 341 1059 383 adiutus
1084 341 1182 393 sum,
1215 354 1376 399 [ivsque
1396 342 1703 400 benignitatem,

207 415 286 458 qua
327 411 490 439 mecum
522 396 821 439 obstruationes
854 398 1049 455 quasdam
1082 400 1400 440 communicauit
1416 431 1431 454 7
1480 402 1700 455 gratissima

205 466 341 498 mente
360 454 553 509 agnosco:
581 467 661 494 non
679 465 813 496 tamen
835 456 1002 495 omnino
1019 469 1172 494 EVNDEM
1194 455 1302 511 sequi
1323 460 1458 510 potui:
1489 470 1632 498 verum
1644 462 1699 499 vi-

203 512 251 552 fis
270 510 452 565 plurimis
470 509 746 565 speciminibus
765 512 802 552 id
823 510 958 552 sedulo
977 511 1122 559 studui,
1145 523 1190 552 vt
1207 513 1434 561 varietates,
1464 513 1697 568 praesertim

201 569 240 608 in
258 565 486 623 petresilffis
499 598 510 617 ‚
536 577 651 607 caute
665 580 687 607 a
705 570 810 608 veris
833 566 1040 623 speciebus
1060 567 1363 623 distinguerem,

316 680 457 738 Qum
477 681 583 720 enim
600 678 698 720 mihi
717 678 871 720 occasio
888 679 1005 733 esi'et,
1031 679 1247 735 specimina
1276 682 1314 721 in
1337 681 1483 722 muscis
1514 681 1695 737 Lipsien-

198 735 323 790 fibus,
356 749 459 791 quae
476 735 543 776 suo
564 736 759 790 quodque
779 736 871 777 loco
890 739 1108 786 nominaui,
1138 736 1388 788 conseruata,
1416 741 1693 794 contemplan-

198 792 249 841 di,
279 804 319 834 et
337 793 385 834 ad
401 805 514 833 meos
534 792 623 833 vsus
643 791 876 841 adhibendi,
905 791 1154 834 charai‘oeres
1175 792 1379 848 specificos
1398 808 1446 834 ex
1463 793 1691 850 descriptio-

195 849 326 899 nibus,
354 862 454 904 quas
476 848 625 903 saepius
637 848 789 888 diuersa
808 851 894 889 vice
906 849 1123 904 composui,
1153 848 1386 904 saepiusque
1404 855 1577 904 correxi,
1606 851 1687 893 for-

192 906 311 953 mam,
340 903 485 961 quibus
505 905 715 945 varietates
736 919 756 945 a
774 903 980 959 speciebus
1000 904 1346 959 dignoscerentur.
1406 906 1498 965 Qa
1517 908 1686 962 quidem

192 961 232 1000 in
248 973 291 1000 re
310 974 358 1001 eo
378 963 529 1002 certior
546 959 675 1001 fastus
702 960 808 1008 sum,
842 974 936 1001 cum
962 960 1263 1001 deindeitinere
1280 961 1434 1010 lenam,
1468 964 1685 1006 Winariam

193 1026 235 1056 et
253 1016 554 1057 Rudolstadium
572 1017 754 1058 instituto
771 1017 964 1071 plurimas
986 1017 1131 1072 species
1158 1015 1320 1071 videre,
1351 1017 1569 1072 diligenter
1587 1033 1683 1061 con·

191 1072 379 1127 templati
395 1082 437 1112 et
453 1072 673 1113 describere
696 1073 857 1128 possem.
938 1073 1039 1115 Non
1066 1071 1223 1127 possum
1241 1103 1251 1121 ‚
1283 1075 1380 1126 quin
1424 1074 1492 1115 hic
1534 1077 1680 1117 iterum

190 1129 426 1184 iterumque
444 1128 717 1169 deuotiffimas
734 1141 776 1169 et
792 1128 1043 1170 sincerrimas
1060 1130 1206 1182 gratias
1225 1142 1344 1182 agam
1372 1130 1560 1172 omnibus
1578 1130 1682 1173 Fau-

191 1183 350 1225 toribus
369 1195 409 1225 et
424 1184 575 1224 Amicis
588 1215 599 1235 ‚
630 1195 735 1236 quos
755 1185 794 1224 in
814 1184 896 1238 ipst)
916 1197 1040 1239 opere
1060 1183 1237 1238 singulos
1255 1184 1417 1226 laudare
1443 1185 1561 1227 officii
1577 1200 1678 1242 erat,

191 1240 260 1295 qui
277 1239 372 1280 mihi
390 1252 570 1294 operam,
603 1242 972 1280 communicatione
989 1250 1029 1280 et
1044 1239 1219 1294 ipsorum
1244 1253 1467 1295 corporum
1491 1245 1681 1286 naturali-

189 1310 275 1347 um,
298 1306 339 1336 et
353 1294 549 1337 librorum
566 1294 958 1351 predofissimorum,
986 1294 1263 1353 benignissime
1283 1296 1580 1352 praestiterunt.

296 1406 395 1449 Visis
412 1409 548 1463 itaque
570 1407 660 1463 plus
684 1408 795 1450 mille
819 1407 1101 1464 speciminibus
1127 1408 1379 1452 Echinorum
1405 1423 1446 1452 et
1473 1410 1676 1457 Echinita-

187 1477 294 1513 rum,
310 1466 441 1520 iisque
465 1464 629 1520 singulis
647 1463 882 1519 diligentius
901 1468 1014 1505 iuxta
1033 1467 1213 1506 omnium
1232 1470 1409 1521 partium
1432 1467 1674 1513 differentias

187 1520 408 1577 disquisitis
427 1552 439 1570 ,
467 1533 590 1576 atque
615 1520 800 1575 pluribus
826 1519 1022 1560 fimilibus
1043 1519 1174 1561 secum
1193 1525 1451 1572 comparatis:
1478 1527 1587 1565 sorte
1609 1541 1675 1568 ve-

186 1590 250 1618 ras
272 1575 512 1618 differentias
534 1575 737 1631 specificas
761 1589 810 1617 ex
826 1575 966 1616 habitu
983 1586 1024 1616 et
1037 1574 1155 1630 signis
1174 1575 1441 1618 essentialibus
1459 1581 1674 1624 constitue-

185 1646 234 1673 re
255 1634 386 1687 potui.
445 1631 581 1673 Doleo
600 1631 779 1689 quidem,
791 1645 857 1672 me
874 1645 956 1672 non
972 1633 1112 1673 marini
1132 1633 1278 1673 littoris
1296 1633 1474 1675 accolam
1494 1635 1581 1685 esse,
1612 1649 1672 1679 at-

187 1702 266 1744 que
281 1692 419 1746 itaque
436 1701 573 1730 carere
592 1687 815 1738 occasione,
843 1686 1023 1729 Echinos
1039 1689 1152 1729 vinos
1170 1687 1347 1733 videndi,
1387 1690 1538 1746 Neque
1556 1692 1671 1734 dubi-

186 1755 255 1795 to,
284 1747 382 1799 quin
408 1755 574 1785 naturae
598 1744 863 1793 scrutatores,
891 1745 961 1798 qui
989 1745 1161 1785 marinas
1183 1746 1372 1798 regiones
1390 1745 1612 1790 inhabitant
1628 1751 1668 1792 in

183 1801 245 1842 his
257 1802 365 1841 meis'
376 1797 725 1854 descriptionibus,
756 1812 860 1855 quae
876 1800 1082 1854 corrigant
1100 1799 1312 1849 etaddant,
1340 1803 1541 1845 inventuri
1571 1804 1665 1846 sint:

181 1860 266 1899 imo
321 1855 589 1898 vehementer
634 1865 759 1909 opto,
806 1866 852 1896 vt
891 1854 963 1909 ipsi
999 1854 1062 1896 vel
1095 1855 1271 1910 ipsorum
1300 1856 1553 1902 Echinorum
1583 1861 1666 1917 spe-

183 1917 260 1957 cies
283 1922 421 1954 curate
441 1923 482 1952 et
502 1921 614 1952 certe
631 1910 825 1952 definiant
842 1923 882 1952 et
899 1910 1145 1959 describant,
1176 1923 1298 1967 atque
1325 1916 1364 1955 in
1389 1926 1575 1959 naturam
1599 1932 1667 1959 eo-

181 1983 274 2014 rum
293 1979 333 2010 et
350 1970 456 2009 vitae
472 1980 601 2023 genus
619 1969 747 2022 magis
766 1997 779 2017 ,
810 1981 934 2023 quam
958 1965 1150 2009 haetenus
1168 1968 1319 2011 fastum
1337 1971 1416 2022 est,
1445 1973 1665 2030 inquirant,

180 2026 245 2070 vel
259 2038 367 2066 meas
386 2023 673 2079 descriptiones
686 2037 781 2065 cum
792 2026 894 2065 viuis
912 2023 1154 2080 corporibus
1173 2038 1430 2081 comparare,
1456 2040 1581 2085 atque
1601 2030 1665 2072 vel

164 2083 403 2136 'coi-rigere,
433 2079 499 2121 vel
517 2079 760 2121 confirmare
777 2079 1010 2135 dignentur.
1100 2083 1259 2123 interim
1277 2096 1373 2139 ego,
1400 2085 1598 2141 quidquid
1615 2086 1665 2127 ad

178 2139 383 2182 historiam
403 2135 653 2180 Echinorum
670 2138 796 2193 magis
814 2136 1087 2183 illustrandam
1104 2138 1263 2192 iaceret,
1295 2151 1336 2181 et
1359 2142 1422 2183 vel
1438 2143 1477 2184 in
1496 2143 1663 2185 aliorum

938 2197 959 2219 '³‘
1590 2199 1681 2242 scii-
