2242 2930
611 231 665 281 58
1243 234 1540 263 mmmmm-A

768 321 976 372 Dfiriptio.

727 409 840 449 Testa
856 410 998 448 coloris
1020 409 1071 447 est
1088 410 1185 447 flauo
1202 408 1342 447 cinerei
1362 408 1420 445 vel
1435 406 1518 457 plus
1545 405 1604 443 vel
1632 405 1753 442 minus
1781 402 2043 442 fuscescentis:
2072 401 2112 440 in

617 465 686 506 bafi
703 466 847 518 semper
865 467 981 516 magis
999 466 1139 508 albida;
1172 464 1309 515 sigui-ac
1330 463 1540 514 ellypticae,
1571 460 1771 513 depressae.
1838 460 1840 462 ’

732 550 848 586 Areae
866 547 1017 584 decem:
1045 547 1083 583 in
1102 545 1266 595 quinque
1286 544 1473 582 maioribus
1490 542 1650 580 sedecim
1668 540 1725 578 vel
1752 540 1968 579 oelodecim
1993 537 2110 590 papil-

618 604 687 650 lae,
719 615 869 652 quarum
905 602 1049 639 mediae
1073 601 1251 638 maximae
1276 600 1378 645 sunt,
1410 610 1543 635 omnes
1580 597 1684 647 apice
1710 610 1789 634 non
1813 596 2043 647 perforatae:
2070 594 2110 631 in

619 659 711 696 areis
729 658 934 694 minoribus
955 656 1237 706 quatuordecim
1256 654 1444 692 tubercula
1464 653 1600 690 maiora
1627 652 1650 690 s.
1672 652 1837 703 papillae,
1870 664 1962 700 quae
1982 651 2025 687 ab
2039 661 2107 686 ore

619 713 785 762 vsquead
798 713 991 749 maximam
1012 710 1377 759 tcstaeperipheriam
1393 708 1672 754 maximacsunt,
1704 720 1837 756 casque
1849 707 2113 756 sequunturtu-

620 768 768 805 bercula
788 768 928 803 mediae
947 765 1223 815 magnitudinis,
1283 765 1430 801 Omnes
1449 764 1516 800 hae
1535 763 1690 814 papillae
1716 763 1925 800 minoribus
1943 762 2111 801 eminen-

617 823 692 870 tiis,
708 822 744 859 in
765 821 925 858 circulos
936 821 1128 871 clispofitis,
1160 820 1369 869 cinguntur.

730 903 943 940 Ambulacra
962 900 1109 951 por-osa,
1136 912 1258 950 prope
1276 900 1320 937 ab
1332 910 1400 935 ore
1416 898 1497 944 lata,
1523 909 1683 948 quatuor
1695 899 1753 936 seu
1776 899 1942 949 quinque
1958 898 2106 949 paribus

618 971 801 1009 pororum
826 957 1057 995 transuersis:
1088 969 1179 1005 quae
1203 968 1306 1001 ver0,
1325 955 1346 992 fi
1365 968 1381 991 a
1404 955 1470 991 basi
1493 955 1765 1002 adscendet-int,
1795 968 1840 992 ex
1860 967 1936 992 vno
1964 966 2142 1010 tantum,

617 1027 802 1065 pororum
821 1026 922 1064 pare,
948 1012 1122 1050 arcuatim
1140 1012 1254 1058 flexo,
1285 1022 1581 1061 componuntur.

732 1096 779 1131 Os
800 1093 960 1143 amplum
989 1093 1093 1146 (tale,
1128 1091 1234 1142 quale
1261 1102 1286 1130 t.
1315 1092 1377 1128 Vl.
1411 1090 1438 1128 f.
1471 1091 1515 1128 D.
1541 1091 1717 1139 ostendit,
1741 1104 1821 1129 non
1843 1090 1950 1145 vidi).
2008 1091 2111 1129 Sinus

615 1149 699 1188 satis
722 1148 845 1198 ampli,
875 1149 964 1186 labia
992 1150 1146 1194 reflexa,
1181 1160 1309 1196 margo
1339 1148 1417 1184 oris
1444 1147 1708 1195 emarginatus:
1734 1149 1901 1185 maxillae
1915 1150 2025 1197 fixae,
2056 1159 2111 1183 re-

616 1205 706 1253 erae,
735 1203 857 1242 secum
878 1205 1008 1242 lamina
1026 1216 1155 1250 nexae,
1184 1203 1355 1239 foramen
1377 1202 1413 1239 in
1430 1202 1472 1238 iis
1494 1203 1716 1252 oblongum,
1747 1203 1826 1241 fere
1849 1203 2082 1253 triangulare.

731 1288 831 1323 Anus
851 1283 1057 1325 rotundus;
1089 1283 1109 1320 fi
1133 1281 1270 1320 clausus
1292 1282 1354 1329 est,
1383 1282 1516 1319 decem
1547 1281 1726 1332 squamis,
1757 1296 1908 1334 quarum
1942 1283 2109 1333 quinque

617 1339 848 1392 perforatae,
881 1340 1052 1389 cingitur.

731 1423 867 1470 Spinae,
899 1433 991 1469 quae
1020 1419 1064 1456 ad
1082 1419 1186 1468 fitdes
1202 1418 1470 1468 fhrtalltiorum
1505 1431 1645 1457 KLEiNn
1672 1420 1875 1469 pertinent,
1900 1419 2106 1457 mammilliS

617 1476 789 1524 insident,
821 1476 962 1514 coloris
981 1476 1086 1514 varin
1117 1476 1155 1511 in
1174 1487 1234 1520 eo,
1264 1474 1367 1522 quod
1387 1474 1424 1510 in
1442 1474 1566 1511 museo
1579 1476 1764 1513 Linckiano
1775 1477 1969 1525 reperitur,
1999 1476 2107 1513 vuius

618 1532 774 1579 coloris,
807 1532 911 1582 apice
928 1532 1047 1568 rubri:
1079 1529 1285 1568 minoribus
1303 1530 1504 1567 tuberculis
1522 1532 1688 1580 Spatulae
1714 1542 1751 1568 et
1775 1531 1972 1569 claviculae
1995 1532 2106 1568 obtu-

615 1588 672 1625 sae
690 1588 900 1628 inhaerent3
935 1587 1124 1637 Spinarum
1141 1584 1347 1622 nonnullae
1362 1586 1553 1623 varietates
1565 1586 1637 1624 tab.
1648 1588 1814 1624 XXXIV.
1835 1586 2000 1637 depifflae
2012 1586 2104 1627 sunt.

614 1643 811 1692 Exemplar
835 1643 946 1693 spinis
966 1642 1123 1680 oblitum
1149 1640 1222 1678 tab.
1241 1641 1407 1680 XXXIX.
1424 1641 1484 1691 fig.
1500 1656 1525 1679 1.
1544 1654 1589 1679 ex
1616 1655 1726 1680 senae
1759 1642 1845 1692 thqfi
1864 1645 1930 1681 III.
1952 1655 1980 1682 t.
2005 1645 2105 1682 XIII.

600 1701 669 1749 fig.
690 1711 713 1736 1.
737 1699 1000 1736 transmlimus.

727 1778 947 1827 Hospitatur
964 1778 1000 1815 in
1019 1778 1206 1816 Linckiano
1223 1789 1260 1815 et
1288 1777 1524 1826 Richteriano,
1553 1791 1590 1818 et
1615 1780 1654 1818 in
1680 1779 1756 1818 aliis
1780 1779 1926 1823 museis.

722 1858 961 1896 Mentionem
980 1857 1062 1895 huis
1088 1858 1220 1908 speciei
1243 1857 1404 1895 faciunt:

723 1951 865 1978 nvmm.
889 1940 1022 1988 ambp.
1038 1952 1089 1984 32.
1106 1939 1180 1976 tab.
1207 1940 1309 1975 XIII.
1327 1941 1396 1986 fig.
1420 1951 1440 1976 1.
1459 1953 1486 1976 2.
1518 1938 1784 1976 Echinometra
1812 1940 1960 1990 digitata
1986 1943 2104 1993 prima

610 1995 788 2044 oblonga.
847 1995 958 2031 Testa
982 1995 1127 2040 minor,
1158 2005 1264 2042 quam
1290 1995 1427 2031 Cidaris
1456 1996 1672 2042 esculentae,
1709 1996 1878 2044 craffior,
1921 2009 1958 2036 et
1986 2001 2099 2049 magis

609 2052 718 2096 dura,
750 2050 969 2100 denfiusque
1004 2051 1233 2096 cohaerens,
1266 2062 1313 2086 ex
1347 2050 1517 2088 rotundo
1544 2051 1672 2098 ovalis,
1701 2052 1802 2102 {upra
1838 2052 2008 2104 infraque
2041 2057 2105 2093 de-

606 2106 742 2155 presta,
780 2105 912 2143 decem
944 2106 1158 2156 papillarum
1194 2106 1374 2142 maiorum
1411 2105 1593 2154 seriebus,
1625 2107 1833 2146 minoribus
1864 2109 2102 2162 interspersis.

601 2161 755 2213 Papulas
780 2162 944 2208 maiores
969 2161 1154 2201 foramine
1179 2160 1344 2212 pertusas
1368 2160 1482 2210 dicit,
1512 2162 1617 2213 quod
1644 2173 1769 2201 tamen
1794 2164 1832 2202 in
1849 2165 1985 2205 nostris
2009 2179 2102 2205 nun-

1990 2235 2102 2273 quam

1336 2292 1342 2308 Ι
