2242 2930
540 236 597 281 Ν
1131 239 1445 272 PRAEFA'rio.

549 332 706 389 scriptis
725 327 988 387 reperiretur,
1019 322 1082 365 vel
1107 322 1206 364 mihi
1223 323 1272 365 ab
1291 327 1426 367 anneis
1445 338 1517 380 per
1540 325 1693 366 litteras
1717 328 2036 367 communicare-

551 404 643 437 tur,
675 385 820 439 collegi
854 393 897 422 et
919 380 999 421 fide
1034 378 1218 421 recensui.
1252 382 1393 437 Atque
1411 381 1539 436 spero,
1560 383 1671 427 fore,
1702 394 1746 424 vt
1763 385 1880 436 aequi
1898 395 2036 422 rerum

550 446 700 492 iudices
720 453 760 481 ct
776 436 1046 493 cognoscant,
1074 450 1142 477 me
1164 435 1239 477 hac
1255 439 1292 477 in
1308 451 1352 478 re
1373 449 1487 479 caute
1505 449 1564 486 et,
1597 449 1794 492 quantum
1818 438 1906 479 fieri
1924 447 2040 493 pote—-

553 515 632 552 ωε,
649 500 866 549 diligenter
879 492 1082 533 versatum
1094 491 1181 541 esse,
1205 503 1246 534 et
1260 496 1458 548 cogitent,
1487 508 1552 534 me
1565 494 2042 545 noluillehisloriamperfe-

554 566 644 601 clam
692 555 894 594 Echinai-mn
937 561 1170 604 proponere
1191 581 1203 599 ,
1262 549 1328 590 sed
1368 552 1610 590 additamenta
1658 562 1818 591 tantum
1852 549 1902 590 ad
1939 563 2045 588 izi-m-

553 631 609 657 NH
625 608 917 666 dispositionem
935 603 1132 660 scripsisse,
1166 604 1326 660 quibus,
1339 619 1415 660 pro
1427 605 1588 656 viribus,
1602 605 1722 646 dubia
1733 606 1832 646 haec
1843 615 1884 646 et
1901 618 1922 645 a
1944 606 2045 645 surn-

557 674 633 715 mis
651 668 752 708 Viris
769 659 954 719 neglecta
968 661 1054 703 satis
1071 661 1429 712 animalculorum,
1460 673 1501 702 et
1525 660 1845 702 artificiosissime
1877 674 2044 716 compo-

559 728 750 770 sitorum,
777 731 818 760 et
845 719 993 758 miratu
1021 716 1252 772 digniffimis
1279 716 1595 773 proprietatibus
1629 717 1911 773 insignitorum
1943 729 2045 772 gens

558 782 822 827 illustraretur
832 786 952 829 atque
963 775 1090 826 magis
1103 772 1577 826 definiretur.lnuenient,
1587 787 1652 814 me
1661 773 1811 814 multas
1821 786 1947 814 nouas
1959 773 2048 827 spc-

561 843 640 881 cies
652 829 902 878 constituistis,
921 828 1013 868 alias
1026 829 1176 881 species
1185 828 1234 868 ad
1247 831 1458 870 varietates
1470 829 1656 879 retulisse,
1670 827 2046 884 charaeteresspeci-

561 895 663 937 ficos
676 885 866 934 indicasse,
877 884 1005 926 multa
1017 882 1137 925 dubia
1146 895 1255 925 certa
1265 883 1526 931 reddidiffe,in
1536 884 1772 942 synonymis
1785 884 1929 926 deinde
1941 882 2051 924 colli-

564 948 709 1007 gendis
727 954 769 986 et
780 942 852 983 suis
864 941 960 982 locis
972 939 1210 989 tribuendis,
1221 939 1555 995 descriptionibus
1568 953 1610 982 et
1623 941 1802 982 iconibus
1814 941 1903 982 casti
1908 953 1983 993 gan
1990 938 2050 980 dis

565 1017 731 1050 omnem
750 1011 917 1054 operam
935 994 1186 1052 impendisse,
1198 995 1504 1052 atqueplurima
1514 997 1727 1053 collegisse,
1747 1010 1850 1052 quae
1866 993 1923 1037 ad
1934 995 2055 1036 histo-

565 1067 666 1106 riam
677 1057 922 1098 Echinorum
933 1064 1078 1094 notatu
1093 1052 1215 1094 essent
1232 1053 1428 1108 digniora.
1462 1053 1562 1094 Non
1582 1055 1701 1108 potui
1716 1055 1856 1108 itaque
1871 1065 2053 1091 nfflmvn

563 1119 717 1172 vbique
735 1113 863 1165 sequi,
890 1108 958 1150 sed
997 1120 1108 1149 noua
1144 1110 1264 1151 etiam
1305 1111 1470 1151 nomina
1505 1121 1711 1150 nouorum
1751 1107 1816 1149 vel
1857 1105 2052 1148 haetenus

565 1168 909 1233 praetermiserum
971 1176 1193 1217 corporum
1258 1164 1499 1206 inuenienda
1516 1196 1527 1214 ,
1584 1176 1626 1205 et
1687 1163 1836 1219 species
1884 1162 2058 1204 aliorum

568 1227 802 1274 Ati-{torum
819 1254 829 1272 ,
853 1221 882 1262 si
903 1219 1197 1262 characteribus
1221 1218 1414 1275 specificis
1439 1221 1728 1270 conuenirent,
1755 1218 1807 1259 ad
1841 1220 2055 1260 varietates

570 1295 686 1329 erant
701 1276 948 1323 referendae.
1005 1277 1170 1317 Interim
1187 1278 1287 1325 caui,
1320 1287 1519 1331 quantum
1540 1277 1674 1330 potui,
1701 1289 1723 1315 a
1744 1276 1860 1316 nouis
1887 1274 2059 1316 nomini-

568 1344 648 1384 bus
670 1334 972 1380 constituendis:
1004 1343 1044 1373 et
1064 1329 1178 1373 satius
1197 1332 1292 1374 duxi
1309 1332 1358 1373 ab
1384 1332 1466 1373 aliis
1497 1329 1730 1372 introduffm
1765 1329 1987 1378 adsumere,
2008 1342 2060 1370 ne

569 1396 747 1441 studium
766 1404 932 1433 naturae
951 1400 1105 1429 temere
1124 1387 1322 1430 difficilius
1338 1387 1589 1429 redderetur.
1617 1388 1832 1442 Atque‚vt
1859 1385 2060 1441 dispositio

570 1466 662 1497 mea
679 1464 728 1491 eo
746 1447 971 1489 euidentius
995 1456 1175 1500 pateret,
1208 1446 1380 1484 Tabulam
1395 1446 1609 1496 synopticam
1649 1443 1752 1485 libro
1789 1444 2059 1498 praemitten-

570 1510 664 1551 dam
686 1505 761 1547 effe
786 1504 944 1559 putaui.

683 1616 836 1659 Curaui
863 1616 1005 1663 etiam,
1035 1614 1245 1655 vt'icones
1271 1624 1420 1653 eorum
1448 1609 1731 1667 speciminum,
1767 1624 1871 1667 quae
1895 1624 2063 1650 xrrimvs

572 1674 781 1722 omisisset,
809 1671 961 1720 bonae,
990 1669 1055 1711 vel
1083 1668 1134 1708 ad
1158 1668 1349 1709 naturalia
1368 1680 1544 1722 corpora
1563 1666 1718 1722 tastae,
1746 1668 1878 1710 velex
1900 1667 2066 1722 optimis

573 1732 685 1774 libris
704 1737 927 1776 mutuatae,
956 1726 1035 1766 aeri
1054 1723 1340 1764 inciderentur.
1396 1722 1482 1764 Etsi
1495 1723 1560 1763 hic
1577 1723 1787 1765 fatendum
1804 1723 1901 1764 milii
1912 1723 1983 1775 est,
2001 1735 2069 1764 me

572 1787 699 1844 ipsum
718 1796 801 1826 non
824 1784 910 1824 satis
927 1781 1001 1821 esle
1018 1789 1261 1820 contentum
1292 1791 1387 1818 eum
1421 1777 1626 1825 iconibus,
1659 1791 1756 1831 quas
1781 1778 1879 1817 ‘addi
1912 1779 2068 1818 curaui:

574 1852 802 1901 quanquam
822 1841 928 1880 enim
946 1838 1118 1878 maxima
1135 1847 1230 1875 cura
1244 1833 1386 1875 artifici
1406 1832 1514 1887 signa
1537 1832 1745 1873 essentialia
1765 1832 2011 1887 explicarem
2028 1842 2070 1873 et

573 1900 808 1946 indicarem,
837 1907 919 1936 non
935 1905 1071 1934 tamen
1089 1893 1258 1933 omnino
1279 1901 1362 1932 tam
1378 1889 1592 1942 diligenter
1610 1900 1650 1929 et
1673 1889 1882 1942 eleganter
1909 1901 1953 1928 ea
1970 1887 2073 1929 indi-

577 1957 656 1998 cari
675 1962 921 2009 potuerunt,
953 1961 997 1991 vt
1014 1958 1182 1989 naturae
1207 1946 1324 2003 plane
1348 1943 1651 2000 responderent.
1737 1942 2072 1986 Artificiosiffima

577 2015 684 2055 enirn
703 2009 760 2050 est
777 2007 919 2048 Echini
936 2006 1142 2053 structura,
1173 2013 1214 2044 et
1231 2005 1271 2044 in
1290 2000 1644 2044 minutiffimorum
1663 2012 1859 2055 pororum
1878 2010 1918 2039 et
1934 1998 2075 2041 tuber-

578 2067 766 2109 culorum
789 2063 865 2106 situ
885 2064 997 2118 saepe
1014 2059 1238 2102 differentia
1257 2057 1436 2114 specifica
1454 2057 1562 2098 latet.
1649 2057 1813 2098 Interim
1832 2058 1967 2096 icones
1993 2067 2074 2097 tra-

579 2124 634 2166 do
661 2122 874 2176 meliores,
903 2129 1025 2176 quam
1049 2115 1141 2159 alibi
1161 2128 1338 2172 vnquam
1359 2113 1531 2157 traditae
1548 2111 1649 2163 sunt,
1682 2112 1709 2154 si
1729 2110 1952 2169 splendidas
1970 2125 2076 2153 non-

1986 2167 2076 2209 nul-
