2242 2930
558 253 613 297 '46
856 257 871 264 ”
1173 253 1463 281 ΑῡῡῐτΑΜεΝτΑ

558 342 765 384 minoribus
790 341 981 393 quinque,
1025 350 1064 379 et
1086 339 1126 378 in
1148 339 1294 390 fingulis
1320 338 1414 376 duae
1438 332 1724 378 1eries'inaxima
1755 332 1944 374 tubercula
1973 333 2036 371 ha-

561 411 661 441 uena

639 492 829 527 Praeterea
839 487 929 524 haec
940 486 1076 523 maiora
1089 484 1345 530 tubercuia‚vti
1357 483 1511 520 etiamin
1523 481 1598 520 aliis
1611 480 1811 532 speciebus,
1824 493 1842 517 a
1852 478 2040 516 minorum

563 546 812 597 granulorum‚
842 541 1095 591 magnitudine
1119 539 1236 576 rursus
1262 539 1502 585 diuersorum,
1523 537 1663 575 circulo
1691 536 1940 573 includuntur.
1999 536 2041 571 In

563 601 690 640 medio
709 610 872 637 arearum
892 597 1072 635 maiorum
1092 596 1143 632 est
1157 595 1252 632 linea
1267 595 1410 642 serrata,
1441 593 1621 631 obsoleta.

674 686 891 725 Ambulacra
907 683 1056 735 porosa,
1081 695 1263 734 potorum
1279 682 1376 732 paria
1395 692 1536 719 arcuata
1553 680 1709 717 habent:
1740 679 1778 716 in
1788 678 1871 727 basi,
1899 677 1957 716 vel
1967 689 2045 715 ver-

566 744 622 783 sus
640 744 818 779 verticem
843 741 1007 789 quinque
1024 738 1083 776 seu
1101 749 1260 787 quatuor
1277 738 1374 787 paria
1392 749 1572 787 pororurn
1587 764 1597 782 ,
1624 736 1663 772 in
1688 735 1812 772 medio
1841 745 1962 772 autem
1986 733 2047 770 sex

565 800 603 836 in
623 797 816 835 ordinibus
835 794 989 832 arcuatis
1009 803 1227 834 occurrunt.
1285 793 1407 830 Poros
1424 792 1571 842 granula
1587 801 1625 827 et
1650 790 1767 827 lineae
1791 788 1977 841 impressae
1994 789 2048 826 in·

565 862 757 892 teriacent.

684 930 854 970 Maxiliae
870 929 986 976 fixae,
1009 928 1142 967 lamina
1158 927 1258 966 inter
1274 926 1462 975 senene,
1492 924 1634 974 reciae,
1662 936 1701 963 et
1719 926 1912 976 elongatae
1927 924 2052 963 variis-⁴

568 1002 641 1039 que
656 986 953 1039 impr-effionibus
971 995 1136 1031 notatae,
1163 984 1329 1033 margine
1348 983 1534 1031 dentatae,
1564 994 1606 1020 ac
1622 981 1807 1020 foramine
1823 980 2052 1030 triangulari,

565 1045 670 1096 quod
682 1042 776 1083 basm
800 1053 1008 1081 connexam
1022 1040 1146 1087 habet,
1173 1039 1384 1091 perforatae
1402 1039 1495 1081 sunt.

677 1121 937 1174 Magnitudine
952 1132 1138 1175 caeterum
1162 1132 1203 1158 et
1220 1119 1366 1169 colore,
1385 1120 1449 1170 qui
1469 1117 1524 1157 vei
1549 1118 1645 1155 flauo
1674 1116 1857 1164 cinereus,
1883 1116 1942 1156 vei
1964 1127 2054 1154 coe-

567 1179 766 1227 rulescens,
793 1178 851 1218 vel
867 1177 1080 1227 nigrescens
1097 1177 1161 1223 est,
1192 1176 1381 1226 insigniter
1399 1177 1511 1214 variat
1528 1174 1620 1210 haec
1648 1172 1800 1223 species.

681 1259 742 1298 Sic
759 1259 868 1296 etiam
885 1257 999 1307 figura
1017 1255 1154 1294 variare
1169 1254 1330 1302 videtur,
1358 1266 1400 1293 vt
1423 1254 1580 1292 ambitus
1599 1245 2053 1291 interdumsuborbicula-

570 1315 619 1354 ris
639 1315 713 1362 fiat,
744 1314 858 1365 qualis
877 1313 1032 1351 varietas
1046 1310 1141 1349 Tab.
1159 1312 1223 1353 IV,
1238 1310 1263 1348 f.
1284 1312 1327 1351 E.
1346 1312 1385 1350 F.
1401 1310 1620 1354 delineatur,
1676 1308 1832 1358 Elegans
1859 1307 1965 1347 huius
1989 1321 2053 1348 ex-

569 1372 708 1423 emplar
722 1371 761 1408 in
785 1370 971 1408 Trieriano
989 1366 1114 1404 museo
1136 1366 1327 1417 reperitur.
1974 1360 1977 1363 '

678 1452 796 1488 Areae
816 1450 982 1487 minores
1001 1446 1039 1483 in
1055 1445 1190 1482 eodem
1206 1474 1218 1492 ‚
1247 1457 1287 1483 vt
1315 1456 1352 1483 et
1383 1446 1502 1482 media
1527 1446 1709 1483 maiorum
1729 1457 1810 1495 pars
1829 1443 1953 1495 paullo
1977 1457 2051 1483 ma-

568 1507 624 1558 gis
649 1506 882 1556 prominent.
938 1501 1150 1539 Tubercula
1175 1500 1431 1550 frequentiora
1457 1510 1497 1539 et
1522 1502 1665 1538 minora
1687 1529 1697 1547 ‚
1733 1500 1820 1538 basis
1846 1512 1926 1536 non
1955 1501 2050 1538 adeo

567 1562 767 1614 puluinata,
795 1571 906 1609 atque
925 1559 1022 1595 inter
1040 1555 1229 1594 tubercula
1246 1556 1405 1594 lineoiae
1415 1556 1624 1593 eminentes
1635 1554 1893 1593 transuersaes.
1912 1555 2052 1594 iuncin-

568 1631 630 1656 rae
650 1616 834 1654 affularum
853 1613 1144 1663 conspiciuntur.
1204 1611 1331 1650 Color
1363 1611 1415 1649 est
1446 1611 1720 1650 coeruleseens.
1779 1611 1938 1649 Caetera
1967 1624 2053 1652 cum

566 1672 686 1724 priori
713 1670 964 1721 descriptione
989 1667 1234 1706 conueniunt.

685 1751 747 1790 Cl.
774 1762 852 1788 VAN
879 1761 1048 1788 PHELSVM
1071 1747 1097 1786 l.
1114 1760 1143 1786 c.
1166 1757 1203 1796 pr
1219 1759 1268 1792 33.
1277 1746 1331 1796 sp.
1344 1759 1375 1792 3.
1392 1758 1439 1785 ex
1455 1747 1526 1786 hac
1536 1749 1710 1785 varietate
1728 1746 1836 1785 etiam
1848 1746 2051 1789 distinfflm

568 1808 732 1862 speciem
745 1804 939 1845 constituit
951 1832 962 1850 ,
985 1815 1093 1853 quam
1111 1804 1302 1841 Smalband
1314 1802 1633 1851 (Echinometram
1650 1802 1767 1839 fasciis
1785 1804 1963 1857 angustis)
1981 1818 2054 1843 no.

568 1860 700 1905 min-ai.
756 1861 794 1900 Si
822 1873 914 1899 vero
939 1859 1017 1896 eius
1049 1857 1237 1909 specimen
1263 1869 1349 1896 cum
1366 1858 1496 1896 nostro
1517 1857 1720 1905 conuenit,
1751 1857 1812 1896 vix
1840 1870 1887 1895 ex
1915 1859 2053 1899 eodem

561 1919 723 1973 speciem
739 1915 914 1956 constitui
935 1913 1037 1966 posse
1067 1913 1248 1953 existimo.

639 2037 642 2040 ,
676 1997 797 2037 Huius
815 1995 935 2035 Echini
959 1995 1129 2034 Lucumri
1151 1993 1296 2031 mentio
1322 1992 1365 2031 fit
1379 1993 1418 2031 in
1439 2004 1515 2032 sen.
1543 1991 1631 2042 thes?
1649 1992 1803 2032 JJL‘tab.
1827 1993 1911 2045 Xfi
1943 2002 1974 2037 ὅ.
2009 1998 2053 2041 Ε,

568 2050 710 2103 m'inor,
737 2052 857 2104 pullus
874 2050 1064 2101 oblongus
1081 2049 1290 2087 Africanus.
1300 2050 1344 2087 ib.
1355 2049 1391 2100 f.
1414 2054 1458 2089 16.
1476 2049 1649 2099 oblongo
1663 2049 1862 2096 rotundus,
1893 2063 1940 2088 ex
1957 2052 2051 2091 insu·

570 2109 604 2148 la
643 2109 839 2149 Thornae;
882 2106 998 2144 dilute
1030 2104 1220 2143 thalaffino
1259 2104 1380 2155 pollet
1414 2104 1557 2158 sfirore,
1586 2103 1731 2154 papillis
1760 2105 1987 2149 maiusculis3
2011 2121 2050 2148 et

559 2165 598 2220 fi
613 2173 660 2211 18.
676 2176 725 2204 ex
742 2163 898 2203 cinereo
915 2162 1013 2202 flauo
1024 2160 1190 2210 ruffulus‚
1219 2159 1360 2200 ibidem
1374 2160 1562 2200 inuentus.
1584 2161 1672 2206 Tab.
1691 2161 1757 2202 XI.
1767 2159 1805 2213 f.
1823 2173 1861 2203 11.
1890 2163 1932 2203 E.
1950 2162 2050 2203 saxa-

1972 2219 2046 2260 tilis
