2242 2930
469 222 522 249 At>
554 222 697 249 nemu
721 221 873 248 chvnn·
903 221 953 246 De
982 221 1137 249 Achms
1167 224 1408 252 rcnmonvm.
1634 222 1705 262 197

207 309 319 348 dunt:
357 307 474 361 spinas
518 318 664 346 tantum
707 305 909 355 meritant,
968 305 1014 345 iis
1056 317 1183 347 tamen
1232 309 1393 348 omnino
1445 308 1593 360 ingredi
1640 322 1705 348 ne-

206 375 360 416 queunt.

318 444 523 484 Tentacula
539 444 632 483 haec
650 443 761 482 nudis
779 443 901 481 oculis
918 442 1126 492 cylindrica
1144 456 1182 483 et
1197 446 1299 495 nigra
1312 456 1510 495 apparent:
1538 445 1639 483 lente
1650 446 1705 484 vi-

206 514 282 540 trea
300 502 455 539 conicae
474 501 610 550 figurae
628 512 666 538 et
681 500 799 538 fasciis
816 499 1011 538 subalbidis
1031 501 1197 540 distineta
1224 500 1570 552 deprehenduntur.
1629 503 1705 540 Ex-

204 558 368 596 tremitas
387 568 516 593 eorum
536 556 646 594 latior
663 557 735 604 est,
764 568 961 604 excauata,
990 557 1091 596 intus
1115 558 1228 596 albidi
1252 558 1407 596 coloris,
1495 557 1706 608 Comparat

203 614 262 654 (ΣΙ.
282 612 422 650 Auelor
440 611 569 650 eadem
587 625 671 650 curn
696 612 925 664 proboscide
943 614 1157 664 Muscarum,
1187 614 1247 653 seu
1269 627 1337 653 ore
1356 613 1592 660 Hirudinum,
1622 613 1704 663 qui-

205 670 271 708 bus
290 669 440 706 haerere
458 668 540 706 solo
559 680 596 706 et
615 668 741 719 sugere
773 668 933 707 fortaffis
955 683 1086 720 aquam
1124 682 1306 721 poterunt
1337 684 1438 718 eam,
1467 682 1537 720 qua
1569 668 1704 706 Echini

201 727 419 777 plerumque
439 737 579 774 corpus
600 725 776 762 refertum
799 737 948 774 gerunt.
1007 727 1150 764 Primus
1178 740 1298 763 autem
1324 727 1599 763 tentaculorum
1621 725 1702 762 Vsus

199 782 340 831 incestus
361 781 424 818 est.
481 781 521 817 In
540 794 629 829 aqua
648 781 790 830 degens
808 780 1065 818 animalculurn
1095 793 1249 818 exercet
1272 781 1343 818 sese
1376 781 1490 830 quali,
1513 780 1702 819 tentacula·

200 838 292 876 haec
310 838 346 874 in
365 837 477 873 varias
496 848 617 885 partes
644 837 864 883 dimouens,
894 836 1106 885 praesertim
1137 851 1189 884 ea,
1208 851 1301 887 quae
1326 838 1363 874 in
1392 848 1542 884 ventre,
1576 848 1637 873 aut
1660 837 1699 873 in

201 894 342 933 vertice
358 892 626 942 triangulorum
645 892 752 942 gerit.
809 892 955 929 Incedit
975 893 1072 930 enim
1092 894 1238 931 Echinus
1249 894 1469 944 plerumque
1478 905 1604 944 prono
1616 904 1695 932 orer

316 970 402 1008 Tab.
422 971 585 1020 LIV.fig.
599 983 632 1016 5.
655 968 838 1007 tentacula
865 967 964 1015 duo,
994 969 1251 1019 microscopio
1269 969 1368 1008 ancia
1393 969 1569 1017 exhibet,
1597 982 1692 1020 quo-

199 1040 280 1065 rum
297 1026 459 1076 superius
478 1037 689 1064 excauatam
708 1025 867 1063 mediam
885 1025 1133 1064 extremitatis
1150 1038 1294 1078 partem
1315 1025 1440 1076 offert,
1466 1025 1621 1064 inferius
1642 1026 1689 1065 la-

198 1085 350 1122 teralem
370 1093 569 1120 crematam.

309 1163 366 1200 Cl.
377 1177 413 1202 o.
426 1178 459 1204 r.
472 1167 666 1201 Mutteavs
676 1162 841 1200 Echinos
853 1175 1041 1214 nunquam
1053 1162 1176 1214 spinis,
1186 1163 1248 1201 sed
1258 1163 1400 1214 semper
1410 1162 1622 1210 tentaculis,
1647 1163 1688 1201 in

198 1219 286 1257 vasis
304 1219 492 1266 incedere,
523 1231 560 1256 et
578 1219 622 1255 ad
646 1219 803 1268 parietes
822 1232 952 1257 eorum
971 1219 1198 1256 adscendere
1223 1219 1359 1257 scribit.
1448 1219 1578 1269 Spinas
1600 1220 1690 1267 Spa-

195 1278 308 1324 tangt',
334 1287 381 1312 ex
400 1287 497 1312 mare
514 1274 686 1322 exn-acii,
715 1274 851 1324 rigidas
869 1275 1035 1321 eleuant,
1066 1287 1158 1312 mox
1176 1286 1298 1312 autem
1318 1274 1468 1312 easdem
1486 1274 1691 1312 demittunt

194 1343 232 1370 et
253 1343 474 1369 moriuntur·

302 1412 474 1463 Spatangi
490 1409 717 1450 tentaculum
733 1410 976 1458 penicillatum
982 1414 1050 1462 fig.
1071 1424 1101 1455 ς,
1121 1413 1193 1450 tab.
1212 1413 1348 1452 XLIII.
1368 1410 1533 1453 exhibet,

305 1489 378 1526 His
398 1488 654 1536 subiungamus
671 1483 878 1535 pauciffima
894 1484 942 1523 de
959 1486 1134 1525 strudfflra-
1153 1488 1259 1538 ipsius
1279 1488 1404 1525 testae.
1464 1489 1612 1525 Omnes
1624 1486 1691 1525 huss

195 1549 253 1587 ius
270 1544 414 1584 ordinis
432 1542 573 1592 specics
588 1542 716 1578 testam
737 1540 902 1579 offerunt
917 1542 954 1579 in
972 1543 1104 1580 decem
1123 1557 1238 1590 areas,
1270 1543 1488 1594 pauciffimis
1512 1545 1614 1582 forte
1630 1556 1694 1581 ex·

197 1603 330 1655 ceptis,
349 1599 495 1636 diuisam
512 1612 520 1639 ;
551 1609 643 1647 quae
661 1597 890 1645 ambulacris,
920 1598 1039 1636 variae
1055 1600 1321 1650 magnitudinis
1331 1611 1368 1636 et
1383 1600 1533 1650 figurae,
1562 1613 1579 1637 a
1596 1600 1698 1637 sein-

195 1662 333 1706 vicem,
357 1656 415 1692 vel
433 1656 599 1704 integrae
613 1681 623 1700 ‚
653 1653 711 1691 vel
730 1653 880 1691 dimidia
899 1667 946 1692 ex
964 1666 1069 1705 parte
1085 1655 1308 1706 separantur.
1380 1658 1460 1694 Hae
1478 1668 1582 1694 areae
1600 1656 1691 1694 sern-

195 1730 263 1770 per
281 1716 397 1752 sutura
415 1709 674 1760 longitudinali
695 1709 825 1747 serrata
837 1738 848 1757 ,
872 1709 955 1761 plus
974 1711 1173 1761 minusque
1190 1711 1376 1760 euidenti,
1405 1713 1548 1760 semper
1567 1724 1691 1751 autem

194 1772 397 1826 praesente,
425 1768 464 1804 in
482 1766 572 1804 duas
588 1778 710 1819 partes
729 1764 959 1814 diuiduntur,
988 1778 1101 1817 atque
1115 1769 1248 1806 iterum
1267 1768 1397 1806 suturis
1417 1769 1538 1816 reffis,
1570 1770 1693 1806 velar-

195 1829 332 1874 cuatis‚
357 1826 395 1862 in
421 1823 548 1873 astulas
573 1822 691 1860 variae
716 1821 853 1873 figurae
870 1835 908 1860 et
927 1823 1215 1873 magnitudinis,
1245 1837 1334 1874 quas
1356 1826 1526 1862 nonnulli
1537 1825 1691 1874 scutella

190 1895 348 1930 vocant,
375 1880 594 1931 partiuntur.
650 1879 706 1916 Ex
724 1891 801 1930 quo
825 1879 978 1930 quidem
995 1891 1112 1932 patet,
1132 1894 1274 1920 nemu
1294 1894 1413 1932 genus
1436 1882 1577 1920 cidaris
1603 1879 1690 1932 ‘'ff'‘

192 1943 289 1980 latae
315 1935 466 1977 retineri
496 1947 576 1973 non
599 1934 712 1986 poste.

307 2016 615 2057 Cermcvch.
633 2015 671 2054 in
687 2017 814 2055 Cidare
835 2017 998 2067 sardica,
1026 2019 1078 2057 vti
1100 2018 1259 2067 videtur,
1290 2017 1501 2057 struzsturam
1525 2020 1624 2058 hanc
1643 2019 1693 2060 ita

192 2076 389 2127 descripsit.
402 2074 448 2117 cf,
468 2086 504 2124 p.
525 2082 588 2117 82.
604 2073 803 2124 Triangula
815 2074 855 2123 (i.
868 2087 898 2113 e.
910 2078 1110 2126 areae)qua
1124 2076 1322 2122 maiora,et
1333 2089 1401 2125 qua
1419 2076 1562 2115 minora
1573 2076 1692 2115 diuidi

191 2136 360 2189 possunt,
387 2132 424 2168 in
445 2130 532 2167 duas
549 2140 691 2183 parteS,
722 2142 815 2180 quae
834 2130 1085 2182 denticulatae
1103 2132 1205 2180 sunt,
1235 2144 1271 2170 et
1291 2145 1372 2183 pars
1394 2146 1561 2183 quaeque
1583 2134 1688 2172 dimi-

189 2193 242 2232 dii
257 2187 428 2240 trianguli
443 2186 604 2226 totidem
621 2185 844 2238 heptagonis
864 2190 1010 2226 constat
1030 2189 1299 2240 irregularibus.
1356 2190 1459 2228 Duae
1487 2190 1583 2227 enim
1610 2203 1693 2240 par-⁴

945 2246 1016 2283 Bb
1047 2259 1085 2291 3.
1253 2284 1255 2287 ,
1632 2258 1689 2284 tes

1727 973 1839 1005 rmv.
1850 980 1883 1012 ς.
