2242 2930
440 219 494 244 An
527 216 669 243 xumn
705 211 1009 240 msposx‘rloan
1048 211 1421 241 ECfflNODERMATvm.
1593 215 1661 249 103

285 304 433 342 Horum
460 301 705 343 echinitarum
721 309 854 335 omnes
865 296 942 334 fere
959 296 1458 348 lithographimeminerunr.
1482 299 1584 336 quat
1599 298 1666 348 igi-

171 370 230 399 tur
253 359 459 410 synonyma
483 355 685 393 Auctorum
715 354 777 391 hic
801 353 1032 403 subiungere.

276 445 456 473 Aenicot.
475 432 518 470 de
534 443 609 469 nat.
622 429 701 480 soff
710 431 770 468 lib.
793 427 835 471 V.
850 440 889 479 p.
909 444 956 471 m.
982 435 1051 476 609.
1078 430 1285 475 Brondam,
1316 429 1517 475 Umbriam,
1542 440 1578 466 et
1601 432 1661 468 Ce-

169 492 332 528 muniam
351 487 579 525 coniunxerim
600 486 792 524 describit:
825 487 973 525 Omnes
990 498 1085 529 vero
1107 485 1318 537 Echinitas,
1343 495 1383 524 et
1400 484 1602 534 anocystos
1621 496 1659 524 et

170 546 383 595 catocystos
403 543 464 581 hic
489 542 730 581 confundere
746 542 904 582 videtur.

277 632 441 659 Atnnov.
457 619 543 670 mul?
560 631 641 658 met.
655 630 687 669 p.
705 633 778 666 455.
789 619 820 671 f.
837 633 865 668 3.
887 626 919 662 ὅ.
947 620 1092 660 icones'
1109 622 1224 661 rudes.

275 710 439 736 BOCCON.
458 696 585 746 ohftrv.
609 708 728 734 natur.
741 707 777 746 p.
793 700 931 747 219.fig.
950 700 987 735 in
995 698 1096 749 sbrie
1109 699 1264 748 ficumla
1279 713 1302 735 a
1305 697 1541 747 finetabulcte.
1569 696 1661 732 Fors*

164 766 202 792 te
220 766 311 792 vero
330 754 381 791 est
397 754 537 791 Cidaris
555 752 725 792 coronalis
741 765 895 802 utimr,
926 767 1010 793 nam
1027 755 1124 793 nulla
1141 754 1356 805 descripti0‚
1387 764 1510 803 neque
1527 750 1657 790 baseos

166 810 279 861 figura
305 809 461 847 additur.

286 898 420 924 ortem.
437 885 522 935 mus
539 887 695 936 Gottorp.
711 897 740 928 t.
754 899 799 925 21.
808 885 845 938 f.
854 901 886 933 5.
902 892 932 926 6.
992 888 1129 925 leones
1141 886 1205 937 [ἂι
1234 888 1361 929 bonae;
1392 883 1592 936 descriptio
1614 883 1663 921 ri·

166 941 300 983 dicula.

280 1032 424 1058 Βεςιειι.
451 1019 600 1069 gazoph.
627 1020 754 1058 contin.
771 1031 798 1058 t.
831 1033 873 1065 φ.
904 1021 1197 1069 Scolopendrites‚
1226 1019 1367 1058 vertice
1394 1019 1511 1070 magis
1536 1028 1659 1057 acuto.

167 1077 279 1115 Ouum
295 1077 504 1125 anguinum,
532 1076 672 1113 vertice
697 1075 845 1114 obtuso.
899 1078 1035 1114 leones
1061 1078 1262 1116 mediocres.

278 1156 372 1205 Mus
383 1157 524 1194 Calceol.
540 1167 578 1206 p.
598 1163 667 1203 363·
686 1157 879 1207 Bnfimites.
934 1158 992 1195 An
1008 1157 1173 1209 pertinet
1188 1157 1286 1196 huc?
1310 1159 1405 1197 Sane
1421 1156 1513 1195 nihil
1529 1155 1593 1196 nifi
1608 1156 1656 1195 ri-

165 1225 246 1262 xas,
276 1224 313 1250 et
333 1212 471 1250 fabulas
487 1212 581 1249 dieta
597 1212 672 1250 illic
689 1213 902 1251 continent.

277 1306 404 1330 wonm.
422 1292 508 1342 mus
516 1304 550 1342 p.
565 1306 635 1338 107.
656 1292 823 1344 Baeffonius
839 1294 941 1343 lapis.
967 1297 1009 1333 In
1028 1293 1120 1333 saxis
1129 1294 1235 1346 fungi
1251 1295 1452 1334 instareum
1462 1294 1557 1333 nasci
1574 1294 1656 1345 opi-

168 1361 277 1388 natur
293 1348 443 1387 Auelor.
505 1348 641 1398 Addit,
667 1349 827 1400 seipsum
839 1349 975 1397 vidiffe,
1006 1362 1193 1390 tumorem
1206 1351 1330 1390 Esulae
1345 1364 1494 1389 veneno
1512 1351 1550 1389 in
1561 1350 1656 1389 facie

168 1417 306 1450 ortum,
331 1405 408 1441 hoc
423 1404 544 1456 lapide
561 1405 757 1454 aliquoties
774 1405 930 1452 affricsto,
958 1407 1051 1443 intra
1068 1407 1199 1445 horam
1212 1407 1438 1446 detumuisse.
1496 1407 1569 1445 Sed
1578 1407 1657 1446 hoc

167 1459 409 1511 probabiliter
430 1460 685 1509 subsequutum
704 1460 834 1507 fuisset,
863 1460 885 1497 fi
904 1460 961 1497 vel
980 1460 1103 1498 frifflo
1125 1475 1205 1500 non
1222 1462 1382 1501 adhibita
1393 1462 1498 1501 effer:
1528 1462 1567 1500 in
1576 1462 1655 1502 hoc

168 1515 265 1553 enim
281 1513 402 1565 lapide
419 1515 516 1553 nulla
534 1516 585 1553 est
600 1528 684 1553 vera
700 1515 878 1555 medicata
897 1515 950 1553 vis
968 1518 1190 1566 quaerenda.

255 1653 264 1661 .
280 1607 462 1634 nomon.
484 1607 517 1634 n.
535 1595 567 1635 h.
588 1596 715 1639 North.
725 1607 761 1647 p.
777 1611 840 1644 255·
841 1596 897 1647 sp.
915 1612 946 1636 2.
962 1609 992 1637 t.
1017 1601 1066 1638 X.
1082 1599 1117 1651 f,
1141 1611 1182 1638 ιι.
1238 1603 1336 1640 Raro
1361 1601 1398 1640 in
1423 1601 1563 1654 campis
1589 1605 1656 1641 oc-‘

167 1662 294 1692 currit.

279 1746 378 1771 LisT.
395 1733 464 1782 lap.
480 1736 569 1773 turb.
582 1745 616 1784 p.
631 1748 696 1780 219.
715 1735 777 1772 tit.⁴
788 1745 826 1772 et
830 1737 898 1785 fig.
915 1743 958 1779 ιε.
1020 1737 1061 1774 In
1079 1734 1230 1788 depid'lo
1257 1738 1458 1789 specimine
1475 1752 1494 1778 a
1512 1739 1655 1778 vertice

169 1789 213 1827 nd
231 1789 325 1828 bafin
345 1789 478 1838 quinae
494 1791 599 1829 striae
614 1791 820 1841 duplicatae
836 1792 1064 1842 procedunt,
1090 1793 1128 1831 in
1146 1794 1267 1833 media
1284 1795 1412 1835 baseos
1431 1797 1549 1835 rursus
1562 1799 1653 1834 coe·-

167 1858 288 1884 untes.
344 1845 460 1883 striae
478 1859 498 1883 e
516 1846 666 1885 lineolis
684 1847 896 1885 transuersis
920 1847 983 1886 hic
1002 1850 1188 1889 constant.
1243 1853 1284 1889 In
1302 1853 1466 1902 partibus
1492 1851 1652 1903 Angliae

166 1900 400 1948 Australibus,
432 1902 493 1940 vbi
509 1902 604 1953 nigri
620 1903 734 1942 filices
752 1903 952 1954 abundant,
979 1905 1137 1956 copiose
1150 1907 1341 1946 habentur.

279 1995 379 2020 Lvm.
396 1982 519 2033 ltth.p.
536 1989 596 2031 46.
614 1998 648 2023 n.
661 1998 837 2031 944--950.
867 1985 1060 2025 Eehinites
1085 1987 1245 2025 fibulatis
1271 1989 1405 2027 minor.
1461 1988 1581 2029 Variis
1608 1991 1647 2029 in

168 2039 319 2090 Angliae
345 2038 441 2076 locis
465 2040 669 2090 reperitur:
695 2040 884 2091 specimen
907 2042 1020 2080 habet
1043 2042 1237 2081 corrosum
1265 2045 1470 2084 obliteratis
1494 2048 1648 2098 papillis.

166 2098 281 2135 Forte
297 2106 335 2134 et
349 2094 424 2133 huc
443 2107 506 2134 no.
521 2100 547 2137 6
552 2098 667 2148 57.E.
691 2096 849 2150 pileatus
866 2098 1069 2144 conoides.
1091 2100 1246 2139 Bromia
1256 2102 1376 2154 prima
1392 2106 1649 2144 mmmmm?

1504 2227 1645 2254 Rvm'fl.
