2242 2930
573 238 627 278 48
1117 249 1119 252 ι
1203 230 1498 260 ADmTAMENTA

733 323 940 373 Defiriptio.

694 413 793 451 Color
812 412 923 449 testae
941 411 990 447 cst
1008 407 1064 447 vel
1093 407 1264 445 violaceo
1290 405 1481 451 cinereus,
1508 403 1691 442 vel‘albus
1718 401 1918 441 tuberculis
1945 400 2062 439 viola-

581 471 674 518 ceis,
699 468 754 506 vel
784 467 966 505 subrubris
994 466 1051 503 vel
1078 463 1371 502 flauesccntibus.
1428 460 1686 510 Magnitudine
1708 459 1827 496 media.
1854 459 1922 495 est:
1955 458 2063 494 maxi-

584 539 662 573 ma,
693 537 784 574 quae
802 524 875 560 vidi
894 521 1072 571 exempla,
1096 519 1202 569 digiti
1226 530 1311 556 cum
1335 516 1492 554 dimidio
1512 516 1788 566 longitudinem
1808 526 1988 564 aequant,
2016 513 2066 550 al-

585 581 744 621 titudine
766 579 956 617 dimidium
983 577 1152 627 digitum-
1802 564 1804 566 ’

699 663 815 699 Areae
840 658 985 696 decem.
1054 657 1096 694 ln
1122 654 1296 693 omnibus
1325 653 1417 691 duae
1443 652 1552 690 series
1576 651 1766 690 tubercula
1797 651 1952 689 maxima
1978 648 2070 688 offe-

588 729 696 763 runt,
729 715 860 764 quibus
878 714 1100 751 interiacent
1117 712 1281 756 minora,
1310 710 1419 746 instar
1446 709 1562 745 lineae
1578 707 1730 744 ferratae
1749 707 1940 757 dispolim:
1971 705 2071 744 vnde

589 774 727 812 maiora
739 771 793 807 his
813 769 1020 806 minoribus
1034 765 1310 804 circumdantur
1326 765 1458 810 forma,
1474 763 1518 799 ad
1537 763 1765 811 hexagonam
1782 763 1998 801 accedente.
2030 763 2072 798 In

591 827 792 866 maioribus
811 823 1071 874 speciminibus
1088 834 1170 873 pars
1189 820 1310 858 media
1335 831 1500 857 arearum
1522 817 1703 857 maiorum
1728 818 1822 856 linea
1848 819 1978 858 serrata
2005 809 2072 855 im·

587 882 702 935 pressa
720 891 884 919 notatur.

707 962 923 1001 Ambulacra
951 958 1105 1012 porosa,
1137 957 1240 1009 poris
1265 953 1475 1008 duplicibus
1491 983 1501 1002 ,
1532 955 1571 992 in
1596 954 1749 993 ordines
1774 955 2004 994 transuerfim
2022 967 2076 993 ar-

596 1031 729 1059 cuatos
749 1017 938 1055 distinffls.
998 1015 1138 1065 Singuli
1156 1013 1310 1052 ordines
1331 1013 1496 1062 quinque
1513 1024 1696 1062 pororum
1716 1011 1860 1061 paribus
1886 1012 2074 1049 constant:

559 1125 570 1132 ⁶
596 1088 707 1126 atque
738 1086 855 1120 arem,
874 1071 998 1110 versus
1013 1071 1203 1116 verticem,
1230 1069 1309 1106 fere
1339 1067 1532 1104 verticales
1567 1065 1687 1106 fiuntz
1730 1067 1851 1104 versus
1876 1066 1972 1104 basin
1996 1067 2078 1105 sunt

392 1979 469 2012 Tab.
504 1977 597 2008 ΧΧΧ.

447 2023 485 2053 Α.
500 2021 533 2052 Β.

597 1130 792 1170 transuerfi
822 1129 951 1179 magis.
1008 1126 1228 1166 Ambulacra
1250 1126 1288 1163 in
1313 1124 1383 1163 basi
1407 1133 1551 1161 coeunt
1580 1133 1620 1159 ct
1646 1135 1765 1160 aream
1791 1122 1977 1160 minorem
2002 1122 2079 1160 cin-

591 1197 694 1238 gunt

711 1269 762 1304 Os
783 1263 970 1315 amp-lum,
1007 1262 1115 1313 quale
1133 1272 1367 1300 κιειΝ-ιΑΝΑΕ
1393 1258 1531 1309 figurae
1560 1259 1738 1297 indicant.
1814 1259 1972 1298 Sinubus
1997 1271 2078 1298 non

597 1322 704 1361 valde
722 1320 933 1373 profundis.
990 1321 1123 1368 Margo
1143 1318 1219 1355 oris
1237 1316 1258 1353 s.
1278 1316 1372 1354 labia
1389 1315 1510 1354 versus
1533 1327 1631 1353 areas
1657 1316 1818 1353 maiores
1842 1315 1924 1354 sunt
1947 1317 2082 1354 reflexa

597 1391 638 1417 et
655 1377 785 1416 callum
805 1376 1083 1427 prominentem
1109 1372 1286 1414 efficiunt.

716 1459 816 1495 Anus
832 1455 992 1504 cingitur
1007 1453 1117 1492 scutis
1136 1465 1250 1491 ouato
1267 1452 1396 1498 acutis,
1421 1451 1532 1489 instar
1551 1450 1729 1489 foliorum
1749 1451 1851 1488 rosae
1869 1452 1988 1490 secum
2021 1465 2086 1490 ne-

603 1513 673 1561 xis,
701 1512 739 1550 in
759 1523 917 1561 quorum
937 1523 1012 1548 vno
1032 1510 1083 1547 est
1110 1508 1311 1547 eminentia
1342 1507 1633 1545 verruciformis.
1689 1508 1883 1545 Foramina
1904 1507 1925 1546 s.
1944 1509 2028 1559 pori
2046 1510 2084 1546 in

599 1570 704 1621 apice
721 1567 917 1606 cuiuslibet
935 1566 1038 1605 scuti.

719 1656 999 1705 Maxillaefixae
1009 1653 1090 1693 sunt
1114 1652 1302 1701 minores,
1333 1652 1447 1702 magis
1473 1662 1621 1699 acutae,
1651 1650 1833 1690 foramina
1860 1664 1982 1691 earum
2009 1652 2088 1692 fere

603 1711 849 1763 triangularia.

723 1792 884 1830 Interior
900 1790 1012 1829 testae
1031 1788 1164 1827 fabrica
1181 1788 1317 1827 eodem
1336 1787 1428 1834 fei-e,
1453 1799 1530 1837 quo
1547 1789 1585 1828 E.
1594 1788 1807 1826 diadematis
1817 1801 2028 1839 comparata
2041 1793 2092 1831 est

609 1848 752 1888 modo:
784 1857 987 1898 compages
1005 1856 1129 1883 tamen
1147 1845 1258 1882 testae
1278 1844 1329 1880 est
1347 1843 1486 1882 durior.
1543 1843 1760 1882 Ambulacra
1777 1844 1816 1882 in
1842 1845 2023 1884 interiore
2040 1859 2094 1886 te.

609 1907 661 1943 sta
681 1904 847 1942 formant
863 1914 968 1940 arcus
985 1899 1290 1950 longitudinales‚
1319 1898 1424 1950 poris
1439 1897 1662 1949 duplicibus.

725 1984 850 2036 Spinis
866 1982 946 2021 satis
964 1980 1091 2031 rigidis
1118 1991 1156 2018 et
1172 1978 1363 2018 crassitiem
1390 1978 1550 2016 aciculae
1573 1978 1612 2016 in
1636 1978 1705 2018 bafi
1735 1979 1815 2017 fere
1841 1979 2094 2031 superantibus

611 2043 796 2085 munitur3
827 2037 1055 2089 eaequesunt
1065 2038 1215 2084 brunae,
1246 2035 1351 2086 apice
1367 2034 1577 2074 violaceae:
1602 2035 1698 2073 circa
1709 2049 1752 2074 os
1776 2037 1869 2075 etin
1892 2038 2094 2079 tubefcufiS

610 2097 775 2138 minimis
792 2095 959 2133 minores
978 2093 1101 2146 spinae
1114 2092 1362 2146 reperiuntur.
1422 2090 1536 2129 Circa
1552 2103 1662 2130 anum
1681 2104 1848 2141 verruca,
1877 2104 1914 2132 vt
1923 2107 2094 2136 xrmmvs

611 2153 787 2205 ostendit,
811 2161 974 2204 apparet·

1987 2266 2096 2307 Poffi-
