2242 2930
534 275 578 318 14
1092 271 1465 298 ADDITAMENTA

539 361 623 402 eius
637 360 676 399 in
697 358 788 398 cibis
807 357 868 397 vsu
888 356 1113 405 meminiffe,
1145 356 1213 394 alui
1236 355 1496 395 subducendae
1513 355 1625 407 gratia
1646 369 1692 394 ex
1710 355 1827 394 mulso
1846 355 1928 405 edi,
1960 368 1998 396 et
2013 357 2055 396 li-

545 430 667 469 quore
690 416 754 455 illo
772 415 880 462 salso,
908 427 1018 464 quem
1035 415 1153 452 Gai-on
1172 415 1375 464 appellant3
1405 413 1684 464 par-,indumque
1702 426 1786 450 euin
1805 413 1875 450 effe
1891 425 1999 452 notat
2017 414 2055 452 in

544 474 700 527 patinis,
728 473 811 510 ouis
826 501 838 519 ,
858 472 1007 522 pipere,
1037 481 1074 507 et
1092 469 1201 507 melle
1219 470 1360 508 inieffis
1377 498 1387 517 ,
1414 480 1456 507 vt
1473 468 1544 507 esui
1564 469 1632 508 sint
1660 470 1773 519 grati,
1813 469 1958 519 css'eque
1990 470 2057 508 im·

547 531 671 570 becilli
696 529 879 576 alimenti,
910 540 952 565 ac
970 525 1082 566 medii
1110 526 1292 574 interea,
1332 538 1425 578 quae
1459 526 1638 564 humores
1664 537 1870 564 extenuant
1901 538 1939 564 et
1964 525 2059 564 den·

541 590 636 630 sant.
683 629 687 632 ,

661 665 818 703 [τετεκῐ
849 662 891 700 de
915 660 1057 699 cochleis
1079 660 1230 698 marinis
1249 660 1401 709 Angliae
1418 670 1454 710 ρ.
1490 665 1543 704 169
1557 688 1568 706 ,
1636 659 1787 698 Echirus
1814 660 1995 707 marinus,
2018 672 2057 698 α-

550 724 725 764 ειιΙεει-ιιπι
745 720 895 768 vestigiis
908 729 1035 767 parum
1050 728 1113 755 aut
1137 716 1229 754 nihil
1240 717 1492 754 eminentibus:
1523 716 1566 752 ad
1588 714 1682 752 lianc
1706 715 1864 765 prinnam
1897 716 2056 768 speciem

539 779 734 830 pertinet:
777 774 1077 824 Descriptionem
1098 772 1194 810 hanc
1215 771 1318 810 addit
1341 773 1547 809 Lisrrnvs:
1578 771 1677 808 Huic
1699 772 1811 809 testae
1836 772 1951 822 figura
1977 773 2060 824 glo-

547 833 636 875 bosa
656 833 725 870 siue
743 829 947 881 sphaericm
974 838 1008 865 at
1025 840 1071 864 ex
1090 828 1199 864 altera
1219 838 1322 877 parte
1356 827 1480 878 paullo
1514 826 1661 877 planior
1687 827 1747 866 est.
1807 828 2057 866 Creberrimis

550 889 687 930 aculeis
708 886 872 936 vndique
890 884 1126 934 contegitur:
1157 883 1195 920 in
1227 883 1314 921 viuo
1349 894 1388 921 et
1427 882 1522 922 intra
1566 894 1694 932 aquam
1719 894 1870 922 nattnte
1902 884 2058 923 animale

549 946 682 992 efficii,
707 955 742 981 at
763 953 917 981 mortuo
933 952 995 979 aut
1013 952 1114 978 extra
1133 952 1263 990 aquam
1287 939 1409 990 posito
1442 938 1556 977 iidem
1583 937 1764 977 defidant.
1848 940 1914 991 Ipfi
1939 941 2056 979 aculei

549 1003 673 1054 exigui
695 1012 734 1038 et
750 1010 883 1037 tenues
896 1027 907 1045 ,
937 997 998 1034 vix
1015 995 1209 1034 dimidium
1226 995 1383 1046 digitum
1401 994 1583 1047 superant.
1643 995 1720 1044 Qui
1736 1008 1784 1033 ex
1802 995 1859 1033 his
1877 996 2058 1035 maiuscu-

552 1064 597 1108 li,
629 1068 763 1097 omnes
789 1053 978 1093 obtufiore
1002 1065 1187 1090 mucrone
1220 1052 1407 1091 defluunt:
1443 1051 1576 1090 iisdem
1607 1050 1716 1089 etiam
1762 1051 1874 1089 color
1902 1052 2056 1093 albidus.

551 1114 779 1168 Depingitur
802 1123 956 1162 quoque
980 1109 1118 1147 ibidem
1139 1110 1212 1148 tab.
1233 1123 1264 1155 5.
1280 1111 1349 1159 fig.
1377 1117 1422 1152 18.
1452 1108 1567 1147 icone
1598 1107 1680 1145 satis
1706 1108 1824 1154 bona,
1855 1107 1893 1145 in
1913 1122 1982 1159 qui
2006 1120 2057 1147 ta-

538 1185 639 1214 ·men
654 1173 748 1210 haee
766 1165 1074 1219 reprehendenda
1100 1165 1201 1204 sunt:
1229 1165 1527 1203 ambulacrorum
1545 1176 1666 1216 poros
1685 1177 1766 1202 non
1793 1164 1992 1214 diligenter
2011 1166 2057 1204 {³2-

534 1231 600 1270 ·tis
626 1224 814 1278 expressos
832 1222 921 1270 effe,
951 1222 1107 1259 deberet
1125 1221 1224 1259 enim
1242 1220 1381 1273 triplex
1398 1220 1507 1259 series
1520 1250 1531 1268 ,
1559 1232 1653 1271 quae
1668 1219 1730 1258 hic
1748 1231 1892 1258 tantum
1918 1221 2057 1272 duplex

549 1287 623 1331 est,
649 1295 688 1321 et
704 1281 854 1331 quidem
875 1290 1059 1330 pororum
1081 1276 1298 1328 duplicium,
1331 1289 1414 1315 non
1458 1276 1676 1327 simplicium
1712 1275 1884 1327 depingi:
1918 1277 2056 1317 deinde

550 1340 701 1394 granula
720 1339 817 1375 inter
839 1335 1000 1378 maiores
1017 1333 1236 1371 eminentias
1261 1332 1416 1384 dispersa
1439 1333 1501 1371 hie
1527 1332 1607 1371 fere
1638 1332 1764 1370 omnia
1798 1331 1924 1370 omiffi
1961 1333 2057 1374 sunt,

545 1400 749 1437 Caeterum
775 1403 908 1430 not-are
927 1389 1131 1437 conuenit,
1159 1390 1349 1441 pertinere
1376 1390 1535 1428 Lisrrm
1553 1389 1706 1439 figuram
1733 1387 1779 1426 ad
1804 1401 1882 1426 eam
1906 1391 2057 1430 varieta-

545 1466 645 1501 tem,
674 1452 712 1489 in
734 1463 803 1500 qua
824 1446 1016 1486 tubercula
1042 1445 1180 1483 rariora
1199 1445 1281 1483 sunt
1295 1474 1308 1494 ‚
1338 1456 1378 1484 et
1395 1445 1490 1496 quali
1509 1445 1617 1483 lineis
1635 1445 1675 1482 in
1699 1443 1821 1483 affulas
1847 1445 2030 1488 distincla,

665 1550 779 1587 IAst
803 1548 978 1584 PLANCVS
997 1544 1039 1581 de
1056 1542 1168 1583 conch.
1186 1543 1301 1582 minus
1325 1543 1418 1581 notis
1448 1555 1486 1594 p.
1511 1556 1577 1586 20.
1635 1541 1867 1580 Echinorum
1895 1545 2056 1584 mentio-

549 1621 636 1648 nem
656 1606 766 1652 facit,
798 1613 959 1653 quorum
982 1601 1142 1651 primum
1167 1611 1284 1650 genus
1310 1599 1385 1637 huc
1403 1599 1588 1650 pertinet,
1614 1598 1663 1636 de
1681 1611 1757 1649 quo
1777 1599 1883 1640 dicit.
1942 1601 2058 1640 Maxi-

540 1664 653 1705 mum
670 1663 734 1709 est,
766 1671 804 1697 et
824 1656 1012 1708 globosius
1025 1686 1035 1704 ,
1064 1667 1102 1693 et
1114 1667 1238 1707 tantae
1261 1655 1373 1694 molis
1398 1656 1632 1707 plerumque,
1657 1667 1697 1693 vt
1721 1666 1833 1707 caput
1853 1656 2054 1698 humanum

535 1716 809 1771 magnitudine
827 1713 990 1763 superet,
1026 1711 1208 1762 quodque
1234 1724 1393 1764 propter
1422 1712 1500 1750 eius
1531 1711 1752 1763 sphaericam
1784 1712 1936 1761 figuram
1964 1717 2058 1753 Melo

549 1777 709 1817 marinus
728 1786 745 1810 a
762 1770 1005 1822 piscatoribus
1023 1768 1136 1817 vulgo
1153 1771 1352 1806 vocitatur.
1411 1768 1581 1820 Speciem
1601 1772 1698 1805 enim
1713 1768 1942 1807 extrinsecus
1955 1783 2058 1820 prae-

551 1833 586 1873 se
603 1831 676 1870 fert
693 1826 854 1868 melonis
871 1824 1060 1862 cuiusdam
1085 1823 1144 1861 seu
1161 1824 1438 1875 melopeponis.
1526 1825 1716 1862 Praeterea
1735 1823 1814 1861 flaui
1834 1825 1976 1863 coloris
2000 1827 2057 1864 iti-

551 1890 637 1928 dem
655 1887 726 1932 est,
750 1894 792 1922 vt
809 1882 890 1920 sunt
908 1879 1122 1918 huiusmodi
1143 1892 1266 1930 poma.
1292 1903 1346 1909 —-
1406 1879 1482 1917 Hic
1499 1879 1650 1929 quidem
1672 1878 1784 1916 color
1810 1879 1847 1917 in
1869 1880 1934 1927 iis,
1963 1895 2058 1932 quae

550 1944 650 1991 vidi,
676 1938 859 1990 exemplis
879 1949 959 1975 non
979 1934 1242 1986 cognoscitur:
1272 1949 1357 1975 cum
1385 1947 1508 1973 tamen
1534 1935 1647 1973 color
1668 1947 1740 1985 pro
1765 1935 1971 1975 diuerfitate
2003 1940 2055 1977 lo.

550 2012 683 2040 comm
701 1996 842 2044 variet,
877 1993 967 2032 nihil
993 1992 1139 2032 videtur
1163 1992 1328 2042 obstare,
1373 2003 1450 2043 quo
1478 1991 1601 2029 minus
1627 1991 1788 2029 eundem
1808 2005 1892 2031 cuin
1925 1996 2056 2035 nostro

549 2055 774 2097 censeamus·

560 2198 563 2201 ,
661 2152 855 2192 Rvmfflvs
876 2149 1022 2203 amboin.
1041 2149 1157 2188 Rarit.
1176 2149 1317 2191 Kamm.
1339 2158 1374 2198 p.
1393 2159 1441 2194 31,
1471 2145 1545 2185 tab.
1584 2147 1680 2185 XIII.
1701 2149 1769 2198 fig.
1806 2148 1848 2188 B.
1886 2152 1923 2188 C.
1965 2150 2057 2203 figu-

490 2247 492 2250 ,
549 2223 611 2251 rae
629 2209 752 2248 minus
770 2207 905 2246 bonae.
963 2203 1177 2244 Tubercula
1193 2204 1413 2256 inaequalia,
1459 2214 1532 2241 nec
1563 2203 1651 2254 pori
1679 2203 1718 2242 in
1742 2204 1961 2246 ambulacris
1990 2221 2057 2247 ex-

541 2261 654 2319 ‘ptrefli
677 2265 772 2304 sunt.
831 2263 979 2302 Dicitur
995 2273 1185 2314 praeterea
1202 2262 1348 2302 Echinus
1364 2260 1557 2310 cjculentus
1586 2259 1780 2298 latitudine
1806 2262 1971 2314 quinque
1996 2264 2059 2303 seu

549 2323 627 2373 sex,
659 2319 898 2372 longitudine
929 2319 1027 2358 duos
1061 2318 1120 2358 vel
1153 2329 1230 2358 tres
1255 2317 1396 2370 digitos
1418 2328 1596 2368 aequare,
1625 2316 1736 2355 instar
1752 2317 1852 2370 plani
1868 2318 2056 2368 fornacis,

1967 2378 2056 2416 testa
