2242 2930
369 1795 445 1828 Tab.
466 1791 526 1822 XL.

413 1846 444 1869 2.
454 1843 481 1875 3·

584 261 655 290 χοι
859 265 865 272 ·
888 276 896 283 .
1190 236 1483 283 Annimmtn'ra

583 352 653 390 ret,
680 341 814 393 partim
826 337 924 380 ‘testa
941 350 1042 380 caret
1058 352 1096 379 et
1113 340 1318 379 ambulacra
1335 341 1485 390 reliquis
1499 340 1640 379 nucleis
1654 339 1775 379 similia
1798 337 1923 379 offert.
1982 340 2076 379 Sunt

582 409 771 449 praeterea
789 411 892 436 areae
912 398 950 436 in
969 398 1093 436 multis
1117 397 1295 447 exemplis
1315 397 1615 448 prominentibus
1636 397 1753 435 fasciis
1786 408 1825 435 et
1852 397 1951 446 rugis
1979 396 2076 447 aspe-

582 467 655 502 rae,
685 466 778 504 quae
793 466 915 493 autem
933 453 1126 492 manifesto
1147 453 1228 491 sunt
1244 453 1419 502 reliquiae
1446 452 1642 491 solutionis
1661 464 1771 504 atque
1797 452 2075 503 congelationis

581 510 805 558 subitaneae,
834 523 957 560 neque
975 510 1020 547 ad
1037 509 1131 560 ligna
1147 508 1309 559 ipsorum
1321 509 1528 546 animalium
1541 508 1670 546 referri
1687 509 1848 558 possunt.
1909 509 2077 547 Ambula-

581 579 644 605 cra
661 566 806 615 decem,
834 567 912 604 duo
933 565 1074 616 semper
1095 565 1155 603 fibi
1175 564 1307 612 vicina,
1339 564 1396 603 vel
1413 565 1516 616 poris
1532 566 1718 604 excauatis
1736 564 1990 616 vtpluritnum,
2017 563 2076 601 vel

581 621 730 660 lineolis
748 623 862 660 rarius
881 622 1167 671 distinguuntur.

696 703 781 741 Oris
794 703 929 751 auique
947 699 1194 738 differentiam
1224 699 1366 737 Aridior
1383 710 1420 737 et
1438 699 1693 751 descriptione
1718 711 1756 738 et
1781 701 1819 739 in
1844 701 1969 752 figuris
1993 699 2073 738 satis

581 757 770 795 indicauit.
826 755 1014 793 Differunt
1030 767 1218 805 praeterea
1244 756 1357 805 figura
1383 767 1421 793 et
1446 756 1589 793 colore.
1652 756 1780 805 Figura
1807 757 1956 807 quidem
1981 756 2075 794 sem-

579 826 649 864 per
665 813 709 850 ad
725 812 921 851 conoidemn
940 811 1087 848 accedit
1102 839 1113 858 ,
1139 811 1288 849 interim
1307 810 1516 860 superficies
1533 810 1720 848 interdum
1752 813 1865 861 magis
1891 812 1986 850 tedia
2011 811 2074 849 ad-

579 868 738 916 scendit,
767 867 957 905 interdum
972 865 1156 905 fornicata
1175 867 1239 913 est,
1270 865 1458 903 interdum
1476 866 1640 916 gibbosa.
1705 869 1835 905 Vertex
1851 869 1907 906 vel
1930 880 2073 915 acutu5‚

582 926 642 964 vel
658 923 811 963 obtusus
829 923 1051 961 obseruatur.
1109 924 1151 960 In
1172 922 1289 973 priori
1315 921 1535 972 plerumque
1561 922 1725 971 quinque
1748 923 1913 973 impressa
1938 924 2072 974 puneia

579 980 936 1027 animaduertuntur,
967 978 1285 1030 quemadmodum
1305 979 1344 1016 in
1369 977 1545 1015 omnibus
1571 978 1711 1015 Cidaris
1742 978 1932 1029 speciebus
1972 979 2072 1017 circa

579 1050 692 1076 anum
707 1035 846 1075 adsunt.
905 1036 1069 1074 Ambitus
1086 1034 1125 1072 in
1157 1033 1350 1072 nonnullis
1375 1033 1635 1084 speciminibus
1661 1033 1707 1071 ad
1732 1045 1989 1086 pentagonum
2012 1048 2072 1071 ac-

579 1094 702 1141 cedit,
726 1093 765 1130 in
782 1092 969 1143 plerisque
987 1091 1204 1130 orbicularis
1222 1091 1284 1129 est.
1371 1092 1413 1127 In
1431 1090 1507 1127 aliis
1535 1089 1739 1128 ambulacra
1765 1091 2003 1141 prominent,
2032 1100 2070 1128 et

580 1162 685 1188 areae
699 1148 888 1200 impressae
904 1148 996 1195 sunt,
1028 1148 1067 1185 in
1085 1147 1161 1184 aliis
1179 1159 1280 1184 areae
1303 1146 1417 1197 magis
1437 1145 1626 1183 eleuantur
1655 1157 1694 1183 et
1725 1146 1929 1184 ambulacra
1955 1159 2069 1184 cauos

580 1206 726 1244 canales
745 1205 923 1242 formant.
981 1204 1130 1241 Omnes
1150 1214 1272 1240 autem
1292 1203 1360 1239 hae
1379 1201 1610 1239 differentiae
1625 1215 1706 1239 non
1735 1215 1753 1239 a
1787 1214 1914 1239 natura
1944 1203 2068 1249 testae,

579 1260 643 1300 sed
659 1275 677 1299 a
695 1260 977 1306 mutationibus,
1009 1272 1092 1296 cum
1114 1259 1151 1296 in
1169 1270 1309 1308 petram
1331 1258 1498 1303 abirent,
1527 1257 1694 1307 pendere
1709 1258 1780 1295 iam
1800 1257 1902 1308 supra
1923 1271 2068 1308 propo-

582 1317 647 1356 sui.
728 1317 847 1364 Color,
877 1328 947 1366 pro
976 1315 1106 1366 lapidis
1132 1325 1280 1362 natura,
1311 1314 1441 1351 variat:
1474 1312 1583 1364 Lapis
1601 1313 1769 1351 omnium
1788 1313 1894 1351 huius
1919 1313 2066 1362 generis

584 1372 827 1422 speciminum
846 1373 896 1409 est
915 1371 1000 1409 filex
1021 1371 1193 1421 igniat-ius
1212 1369 1234 1409 s.
1253 1370 1343 1421 lapis
1361 1381 1544 1417 corneus,
1577 1369 1711 1407 colore
1742 1368 1980 1419 vtplurimum
2016 1369 2067 1406 ci·

583 1441 716 1476 nere0,
747 1429 828 1478 plus
847 1427 1043 1475 minusque
1062 1426 1279 1475 nigricante.
1342 1426 1511 1462 Sici-erae
1527 1424 1689 1472 inhaesit,
1715 1425 1919 1462 ambulacra
1934 1436 1970 1462 et
1987 1437 2066 1476 par-

583 1497 642 1523 tes
666 1485 875 1522 eminentes
901 1483 1020 1529 albae,
1049 1481 1107 1518 vel
1134 1481 1373 1518 flauescentes
1396 1479 1508 1517 fiunt:
1538 1481 1573 1518 Si
1594 1481 1695 1518 ferro
1724 1482 1999 1530 impraegnatur
2018 1480 2068 1518 la-

582 1542 641 1593 pis
668 1540 780 1579 color
800 1539 840 1577 fit
856 1540 952 1576 flauo
971 1540 1122 1576 brunus.
1179 1536 1370 1575 Interdum
1391 1536 1498 1573 etiam
1518 1535 1779 1574 viridescentes
1790 1535 1948 1573 maculas
1966 1536 2069 1573 vide-

581 1597 652 1645 bis,
678 1609 770 1647 quae
793 1595 894 1633 forte
909 1609 930 1633 a
946 1593 1078 1632 vicinia
1094 1593 1200 1643 cupri
1217 1592 1438 1630 deriuandae
1463 1604 1640 1635 erunt‚—
1667 1593 1727 1630 Ad
1752 1592 1885 1629 icones
1910 1604 2068 1641 namu,

581 1653 676 1692 viuis
695 1651 888 1690 coloribus
907 1648 1147 1695 illustrandas,
1179 1649 1358 1699 quaedam
1385 1647 1585 1699 specimina
1611 1648 1760 1700 accepi,
1792 1660 1885 1698 quae
1915 1647 2068 1698 ipsamet

578 1708 761 1747 delineata
778 1708 872 1756 sunt,
900 1705 966 1743 alia
983 1715 1105 1743 autem
1125 1703 1171 1742 lic
1185 1704 1293 1756 elegi,
1323 1715 1365 1743 vt
1381 1704 1487 1742 iconi
1507 1704 1666 1743 maxime
1685 1703 1799 1742 essent
1817 1703 1954 1745 similia.

689 1794 889 1846 Singularis
907 1805 945 1832 et
961 1803 1094 1832 notatu
1114 1792 1226 1844 digna
1241 1793 1410 1840 varietas,
1439 1803 1513 1831 tam
1525 1805 1684 1845 propter
1699 1794 1861 1831 brunum
1877 1793 2067 1845 colorem,

574 1866 685 1908 quam
701 1863 859 1905 propter
877 1850 1055 1901 insignem
1075 1849 1367 1899 magnitudinem
1387 1849 1439 1885 est
1457 1861 1511 1896 ea,
1540 1863 1649 1900 quam
1667 1850 1762 1887 Tab.
1780 1851 1860 1887 XL.
1881 1849 1952 1899 Fig.
1976 1864 2009 1887 2.
2031 1864 2066 1895 3·

575 1924 624 1950 ex
642 1910 750 1950 Delie.
766 1920 887 1947 natur.
910 1908 959 1946 II.
980 1907 1068 1944 Tab.
1090 1907 1127 1946 E.
1144 1907 1174 1945 I.
1181 1903 1218 1956 f
1238 1917 1261 1943 1.
1281 1918 1314 1947 2.
1331 1905 1667 1944 transtulimus.Cl.
1687 1917 1764 1943 van
1782 1917 1951 1943 rnatsvn
1969 1905 2066 1944 hane

577 1969 731 2006 iconem
750 1961 1021 2014 interrogando
1040 1974 1125 2000 cum
1146 1973 1284 2000 κιειΝιι
1301 1960 1374 2000 tab.
1398 1958 1495 1998 Xlll.
1513 1961 1562 1999 G.
1587 1961 1636 1998 H.
1664 1972 1871 2012 comparat,
1900 1961 2066 2011 Singula-

577 2036 638 2062 res
657 2023 767 2060 etiam
782 2032 893 2071 rugae
910 2032 948 2058 et
965 2019 1083 2056 lineae
1099 2018 1308 2056 eminentes
1325 2016 1365 2053 in
1387 2016 1479 2054 areis
1501 2016 1792 2069 conspiciuntur.
1850 2018 2067 2056 Ambulacra

576 2078 711 2128 fingula
735 2075 908 2128 biporosa
931 2073 1032 2117 fuiffe,
1047 2073 1232 2112 videntur.
1291 2075 1340 2111 Os
1357 2085 1523 2124 paruum,
1553 2077 1653 2112 Anus
1671 2073 1875 2124 oblongus,
1907 2073 2066 2112 ambitus

575 2135 690 2174 testae
707 2134 758 2171 est
775 2132 975 2171 circularis.
1033 2130 1092 2168 Cl.
1107 2142 1256 2173 waren,
1274 2130 1300 2169 l.
1316 2142 1343 2169 c.
1353 2140 1389 2180 p·
1405 2135 1475 2177 176.
1494 2130 1669 2169 nucleum
1686 2142 1732 2168 ex
1754 2129 1900 2182 Iaspide
1920 2128 1989 2168 esse
2002 2130 2066 2168 ad-

575 2191 648 2230 dit:
673 2189 826 2244 patriam
843 2201 933 2228 vero
953 2199 1035 2227 non
1057 2187 1206 2227 indicat.

1986 2244 2069 2282 Ho-
