2242 2930
561 272 630 309 1653
826 281 827 284 ¹
1184 270 1475 301 AanAMENTA

554 365 725 420 pressum,
746 363 912 402 litteram
932 377 961 399 π
979 359 1196 406 aemulatur,
1226 358 1321 394 linea
1339 367 1463 394 tamen
1482 352 1685 392 transuersa
1695 364 1774 391 non
1794 351 1901 398 resia,
1923 352 1981 389 sed
1995 352 2053 389 bi-

556 434 699 462 arcuata
727 421 798 467 est,
829 418 1006 469 quoniam
1033 417 1160 454 lacuna
1192 412 1343 451 dorsalis
1370 413 1408 449 in
1442 425 1480 449 ea
1510 411 1647 449 finitur.
1743 411 1860 446 Areae
1893 409 2051 448 maiores

557 491 717 531 quatuor
738 475 858 523 dorfi,
886 474 1092 512 ameriores
1109 472 1282 509 nimirum
1321 480 1360 506 et
1395 467 1580 515 laterales,
1610 466 1845 516 marginibus-
1869 465 2053 502 connexis

555 538 625 575 hac
639 535 774 572 ‘leuiter
791 529 956 583 impressa
973 528 1080 567 fascia
1101 527 1197 566 nuda
1220 524 1477 564 terminantur.
1569 525 1666 561 Area
1683 523 1796 559 media
1827 521 1923 560 inter
1950 533 1995 557 os
2016 533 2053 559 et

557 592 829 630 extremitatem
847 588 958 626 testae
974 585 1113 623 analcm
1130 583 1244 635 polita
1258 611 1267 628 ,
1295 581 1434 630 reliqua
1465 580 1592 617 baseos
1618 577 1809 628 superficie
1833 577 2052 626 prominenff

553 650 652 695 tior,
680 658 719 684 et
738 644 897 695 granulis
916 641 1146 687 maiusculis,
1177 650 1244 689 per
1261 638 1376 675 lineas
1404 636 1573 685 obliquas
1594 634 1796 685 dispositis,
1827 633 2053 681 lineolisque

557 703 808 742 eminentibus
825 713 844 737 a
867 698 903 736 se
925 696 1047 735 diuifis
1065 696 1215 745 tegitur.
1299 693 1411 729 Circa
1429 704 1474 728 os
1492 690 1576 741 pori
1596 690 1756 726 maiores
1776 690 1811 726 in
1836 688 1956 726 forma
1972 689 2054 725 stel-

555 761 632 805 lari,
663 770 756 807 quae
772 757 809 792 in
829 756 942 792 icone
961 751 1343 797 describitur,patent‚
1368 759 1479 796 atque
1499 759 1545 783 ex
1560 746 1604 784 iis
1625 745 1808 782 tentacula
1826 745 1962 782 emittit
1979 746 2053 781 ani-

558 813 776 853 malculumx
807 811 904 846 inter
931 807 1003 844 hos
1022 817 1142 856 poros
1160 802 1351 841 tubercula
1369 802 1528 839 minima.
1611 800 1813 838 Caeterum
1845 800 1973 839 baseos
1998 813 2053 839 tu-

556 868 709 910 bercula
725 867 768 905 iis
786 866 826 904 in
843 863 957 903 dorso
976 862 1125 900 maiora.

672 946 715 983 In
734 940 978 982 extremitatis
997 936 1216 988 angustioris
1236 933 1400 984 margine
1418 932 1608 984 superiore
1626 945 1716 970 anus
1735 932 1918 971 rotundus
1929 934 2054 973 minor

555 1013 678 1056 patet,
709 1012 819 1051 atque
842 996 1000 1036 scutellis
1025 994 1204 1047 pluribus,
1233 991 1342 1029 nudis
1361 990 1534 1039 cingitur,
1564 990 1691 1041 postea
1708 988 1870 1039 sequitur
1893 990 2052 1030 circulus

559 1058 720 1111 granulis
747 1053 904 1095 obsessus
917 1083 928 1101 ‚
960 1064 1071 1101 atque
1093 1051 1194 1088 hunc
1213 1061 1231 1086 a
1249 1046 1399 1096 reliquis
1417 1046 1509 1083 areis
1527 1045 1632 1083 fascia
1642 1045 1828 1083 circularis
1845 1045 1942 1082 nuda
1959 1046 2054 1096 sepa·

558 1127 632 1155 rat:
657 1115 695 1152 in
715 1111 879 1162 margine
897 1108 1062 1148 eiusdem
1080 1103 1324 1145 extremitatis
1342 1101 1535 1148 inferiore,
1562 1101 1702 1139 scutum
1729 1100 1957 1151 granulatum
1975 1101 2053 1140 sub-

559 1183 710 1210 ouatum
733 1169 838 1207 fascia
856 1166 953 1205 nuda
970 1163 1133 1215 impr-effa
1153 1160 1330 1205 cinnum,
1360 1171 1470 1209 atque
1487 1169 1649 1208 vtroque
1665 1157 1703 1195 iu
1718 1157 1833 1196 latere
1856 1158 1962 1209 poris
1987 1159 2056 1196 tri-

555 1229 625 1266 bus
644 1224 820 1278 impressis
838 1222 1024 1274 pertusam
1049 1218 1291 1270 conspicitur.

669 1306 796 1344 Color
812 1304 924 1342 testae
941 1300 1052 1352 spinis
1073 1298 1230 1339 nudatae
1249 1297 1300 1334 est
1318 1296 1379 1335 vel
1395 1295 1700 1345 subflauescente]
1710 1295 1811 1333 albus
1823 1324 1833 1344 ‚
1863 1294 1922 1333 vel
1945 1295 2054 1334 flaue'·

554 1364 681 1403 scente
697 1361 832 1414 pallide
851 1358 1024 1397 rabellus.

671 1443 806 1494 Spinae
837 1438 995 1489 duplicis
1023 1435 1192 1487 generiS,
1218 1447 1353 1471 omnes
1379 1445 1504 1471 tamen
1520 1443 1693 1473 teneraet
1726 1433 1887 1471 maiores
1915 1434 1952 1471 in
1971 1435 2040 1473 bafi

558 1500 770 1554 praesertim
788 1506 955 1533 arcuatae
975 1490 1278 1541 subcompress'ae,
1295 1490 1390 1526 circa
1414 1501 1459 1525 os
1477 1499 1514 1524 et
1530 1488 1567 1524 in
1594 1501 1673 1525 area
1700 1489 1819 1526 media
1843 1489 1928 1527 sitae
1954 1464 2053 1528 sunt3

558 1561 599 1597 in
619 1554 731 1594 dorso
751 1565 850 1591 areas
876 1551 1035 1588 maiores
1061 1560 1184 1598 prope
1213 1548 1256 1582 ab
1283 1543 1500 1582 ambulacris
1528 1555 1736 1594 occupant:
1768 1544 1892 1593 spinae
1918 1521 2057 1585 setosae

561 1614 705 1653 mediae
722 1606 986 1659 magnitudinis
1004 1606 1042 1642 in
1061 1603 1238 1641 lateribus
1255 1601 1368 1639 testae
1387 1610 1606 1648 occurrunt,
1639 1610 1750 1649 atque
1771 1600 1944 1638 minimae
1960 1602 2056 1640 inla-

560 1682 656 1708 cuna
674 1666 806 1704 dorsali
824 1675 862 1701 et
879 1663 976 1700 inter
995 1659 1113 1710 spinas
1129 1657 1275 1709 priores
1302 1655 1440 1693 diffitae
1457 1655 1550 1694 sunt.
1607 1656 1756 1694 Omnes
1780 1668 1870 1694 vero
1899 1650 2055 1698 cinereo

562 1724 772 1764 albescente
789 1720 923 1757 colore
940 1717 1178 1754 instruuntur.
1255 1715 1296 1751 ln
1314 1713 1390 1750 aliis
1409 1711 1673 1763 speciminibus
1694 1711 1907 1765 vidi,spinas
1922 1703 2054 1754 baseos

562 1781 633 1820 effe
650 1779 803 1819 cinereo
826 1773 1043 1812 rubescente
1062 1771 1197 1808 colore
1216 1781 1254 1808 et
1281 1770 1408 1807 nitore
1426 1767 1597 1818 insignes,
2046 1763 2050 1767 '

676 1861 720 1898 ln
736 1856 918 1896 interiore
935 1854 1048 1893 testae
1063 1851 1205 1889 suturae
1230 1848 1522 1899 longitudinales
1549 1860 1586 1886 et
1611 1849 1837 1888 transuersae
1865 1862 2044 1901 apparent

565 1930 660 1972 quae
675 1911 924 1955 subflexuosae
944 1908 1067 1948 assulas
1085 1907 1205 1945 variae
1221 1905 1358 1956 figurae
1378 1916 1416 1942 et
1441 1904 1707 1954 magnitudinis
1736 1906 1988 1945 constituunt:
2018 1881 2058 1947 vi

565 1978 651 2018 sane
673 1966 957 2012 artificiofiffima
983 1965 1091 2004 huius
1114 1964 1227 2001 testae
1258 1959 1484 2011 compositio
1510 1971 1592 1997 non
1614 1959 1696 1997 satis
1722 1961 1820 1999 clare
1846 1963 1967 2001 verbis
1995 1963 2059 2002 de-

567 2031 676 2073 scribi
708 2025 828 2081 poffit.
888 2024 949 2062 Sic
978 2021 1088 2061 etiam
1116 2018 1203 2073 poti
1240 2028 1375 2056 omnes
1417 2026 1526 2054 extus
1562 2015 1822 2068 conspiciendi
1851 2018 1952 2057 intus
1996 2032 2060 2072 pa.

563 2098 658 2128 tent.

679 2165 807 2205 Variat
821 2164 914 2202 haec
936 2159 1099 2212 species,
1127 2157 1288 2203 ambitu,
1316 2155 1380 2204 qui
1403 2165 1674 2204 nonnunquam
1700 2154 1759 2193 vel
1777 2159 1892 2206 magis
1911 2169 2060 2206 ouatus,

570 2225 631 2268 vel
650 2219 903 2264 subrotundus
928 2218 991 2256 est.
1071 2214 1213 2253 Pvriotis
1243 2211 1428 2251 varietatis
1456 2209 1645 2263 specimen
1667 2212 1707 2250 in
1732 2211 1859 2251 museo
1885 2214 2060 2256 Linkiano

1972 2272 2059 2321 (⁴10.
