2242 2930
324 424 353 452 Τ
355 419 482 451 abJILA
494 418 529 451 B·

538 235 587 269 30
1150 223 1443 252 mmmmm-‘TA

653 315 711 354 Ad
731 312 756 371 §
785 329 838 362 13.
859 315 897 361 β.

653 398 819 436 varietas
835 396 957 434 minor.

695 477 831 517 Differt
855 490 872 514 a
892 475 1034 528 priore,

656 575 683 601 1.
710 559 856 606 colore,
887 557 948 608 qui
969 557 1020 594 est
1042 555 1197 594 cinereo
1219 553 1457 602 viridescens‚
1490 554 1528 593 in
1546 554 1638 593 areis
1658 552 1816 592 obscure
1834 553 2034 593 oliuaceus:

541 616 631 657 bafis
655 618 706 655 est
725 617 812 654 alba.

658 712 688 736 2.
718 709 822 735 areae
837 694 1038 734 tuberculis
1058 694 1323 741 crebrioribus,
1352 703 1390 731 et
1408 690 1531 743 paullo
1549 691 1751 729 maioribus
1769 690 1928 730 obsessae
1943 691 2038 739 sunt,

547 749 586 795 in
605 754 808 793 maioribus
826 752 933 798 areis,
957 751 1017 787 vbi
1036 750 1221 788 latissimae
1240 751 1333 797 sunt,
1364 748 1472 785 series
1492 747 1635 797 viginti,
1664 748 1702 785 in
1712 749 1919 786 minoribus
1932 749 2040 798 quin·

547 825 620 862 que
638 818 892 851 numerantur,
924 806 1056 855 quibus
1075 817 1198 843 tamen
1211 806 1355 842 minora
1373 804 1613 842 intenae-enm
1645 816 1769 853 neque
1781 803 1897 842 sutura
1916 804 2037 842 media

544 867 676 906 serrata
710 864 805 903 adeo
837 863 889 900 est
914 860 1082 898 euidens.
1141 861 1229 899 Vidi
1255 871 1378 898 tamen
1412 859 1523 898 etiam
1548 858 1614 896 alia
1638 858 1841 908 indiuidua,
1865 861 1924 898 vbi
1945 861 2039 898 linea

546 924 679 963 serrata
703 933 784 958 non
807 919 929 958 solum
956 928 1035 955 erat
1060 914 1141 955 satis
1165 915 1348 969 expreffa,
1378 915 1441 954 sed
1464 915 1574 953 etiarn
1592 927 1696 953 areae
1715 916 1875 955 maiores
1891 945 1903 964 ,
1932 917 2041 955 lineis

546 976 760 1019 transuersis
776 977 816 1015 in
833 974 955 1014 assulas
974 973 1117 1012 diuisae.

665 1071 701 1112 3.
735 1057 1032 1097 ambulacrorum
1055 1054 1182 1106 poris,
1221 1055 1259 1093 in
1289 1054 1395 1094 series
1422 1052 1537 1104 magis
1568 1053 1812 1104 propinquas,
1831 1067 1965 1092 omnes
1987 1067 2045 1094 re-

548 1116 730 1165 &ilineaffi
760 1114 910 1167 politis,
941 1113 989 1151 ita
1007 1124 1046 1150 vt
1060 1124 1098 1150 et
1116 1112 1348 1150 transuersos
1370 1111 1549 1162 obliquos
1566 1109 1721 1148 ordines
1745 1110 1986 1150 constituant.

665 1210 706 1246 4.
729 1195 892 1234 Sinubus
909 1194 947 1233 in
964 1207 1034 1232 ore
1049 1206 1132 1233 non
1146 1192 1242 1231 adeo
1261 1192 1476 1245 profundis,
1504 1203 1543 1231 et
1560 1191 1765 1231 latioribus.

670 1290 706 1326 5.
738 1275 1018 1327 Magnitudine,
1050 1287 1144 1326 quae
1161 1273 1356 1313 altitudine
1374 1274 1426 1314 est
1442 1273 1548 1313 vnius
1566 1272 1694 1324 digiti,
1724 1272 1910 1312 diametro
1928 1284 2047 1314 trans-

551 1333 651 1377 versa
669 1334 829 1372 duorum
847 1332 1065 1383 digitorum.

669 1415 829 1454 Caetera
847 1413 992 1460 eadem,
1020 1423 1060 1450 vt
1078 1412 1115 1450 in
1133 1412 1250 1465 priori
1270 1411 1460 1451 varietate.

667 1495 862 1536 Pertinent
884 1493 958 1532 huc

674 1591 750 1618 san.
770 1579 839 1617 111.
861 1588 888 1615 t.
907 1577 950 1614 X.
968 1574 1000 1626 f.
1018 1589 1066 1614 20.
1090 1574 1258 1614 Echinus
1279 1587 1325 1613 ex
1344 1573 1425 1615 Iud.
1445 1574 1598 1613 Orient.
1618 1575 1853 1628 caryophylli
1871 1577 1955 1615 ssori
1974 1578 2052 1630 ple-

558 1650 612 1677 no
628 1635 762 1675 fimilis.
822 1631 1046 1684 Superficies
1063 1631 1259 1682 multipiici
1289 1631 1446 1680 colore,
1470 1631 1699 1680 kermefino,
1722 1634 1934 1682 coccineo,
1966 1648 2051 1686 pur-

558 1705 694 1746 pureo,
722 1689 838 1728 dilute
855 1690 965 1736 flauo,
995 1699 1033 1726 et
1044 1688 1208 1726 candido
1231 1688 1432 1736 instruitur,
1455 1689 1582 1739 estque
1594 1688 1745 1728 minutis
1756 1690 1913 1729 bulbulis
1924 1691 2050 1731 obsita.

675 1783 842 1817 Axati-zv.
859 1769 973 1809 conch.
996 1771 1037 1808 P.
1055 1770 1083 1810 Ῑ.
1102 1779 1137 1819 p·
1166 1781 1227 1814 810-
1244 1780 1273 1809 t.
1289 1783 1338 1815 ²5·
1351 1769 1387 1820 f.
1410 1771 1456 1808 H.
1490 1769 1638 1807 Cidaris
1656 1769 1798 1809 fasciam
1812 1800 1823 1819 ,
1848 1773 2051 1812 tuberculis

561 1828 739 1878 minutis,
775 1827 870 1866 intra
896 1825 1069 1876 lingulam
1115 1824 1260 1864 fasciam
1302 1824 1483 1876 puneiata.
1544 1825 1671 1864 Color
1693 1828 1912 1878 praecipuus
1939 1830 1990 1866 est
2015 1841 2053 1868 et

563 1883 801 1931 viridescens,
830 1893 869 1922 et
885 1883 1040 1920 cinereo
1059 1881 1178 1924 albus.
1233 1880 1406 1920 Ambitus
1422 1893 1504 1920 non
1522 1881 1577 1919 est
1593 1882 1800 1931 rotundus,
1829 1883 1892 1922 sed
1910 1884 2051 1925 diuersa

561 1943 669 1997 plana
685 1939 864 1989 ostendit,
883 1939 903 1979 i.
921 1951 952 1978 e.
971 1939 1024 1977 est
1038 1936 1247 1990 angulosus.

679 2034 822 2063 ανΑιτ.
839 2021 911 2060 ind.
929 2018 1006 2069 test.
1024 2031 1053 2059 t.
1070 2026 1136 2064 108.
1149 2017 1183 2071 f.
1200 2020 1246 2060 A.
1274 2018 1543 2058 Echinometra
1559 2017 1715 2071 globosa
1735 2031 1774 2059 et
1794 2022 1979 2072 angulosa,
2010 2024 2051 2063 in

565 2090 802 2132 vnoquoque
816 2077 954 2129 angulo
971 2074 1095 2116 radius
1114 2076 1312 2124 dentatus,
1338 2076 1382 2114 ab
1405 2085 1574 2126 apertura
1592 2077 1651 2114 ani
1679 2077 1726 2116 ad
1748 2077 1826 2116 oris
1843 2090 2053 2130 aperturam

563 2136 732 2177 excurrit
748 2133 922 2174 subnitidi
938 2131 1074 2172 colore
1087 2132 1270 2185 depictus,
1299 2143 1338 2171 et
1350 2131 1494 2185 papillis
1510 2131 1722 2173 minusculis
1740 2133 1912 2184 refertus,
1941 2149 2053 2187 quem

565 2193 699 2233 limbus
718 2191 986 2242 amethystinus
1011 2189 1144 2229 ambit:
1173 2188 1327 2241 spatium
1357 2201 1468 2237 vere,
1495 2189 1600 2239 quod
1624 2190 1714 2230 hinc
1738 2190 1828 2230 inde
1849 2192 2054 2233 intercedit

562 2247 833 2304 roseo-pallido
851 2246 987 2288 colore
1003 2257 1042 2287 et
1060 2246 1224 2287 minimis
1245 2246 1391 2302 papillis
1405 2244 1650 2298 distinguitur.

1917 2321 2053 2349 Μνειι.
