2242 2930
541 220 614 259 190
1156 199 1449 243 Annia-Amavi

545 311 638 349 tium
654 313 856 358 occupant,
886 313 1037 353 quarum
1053 300 1144 339 duae
1159 301 1362 339 anteriores
1381 298 1559 349 triangula
1575 295 1749 345 isoscelia‚
1780 307 1940 346 quorum
1951 306 2033 333 ver-

549 378 615 405 tex
639 365 709 411 est,
739 361 801 413 qui
816 361 947 401 testae;
975 357 1083 396 tertia
1100 356 1307 408 posterior,
1337 356 1556 405 triangulum
1577 353 1768 399 isosceles,
1799 352 1978 390 verticem
1997 352 2035 388 in

550 421 758 461 summitate
773 417 832 455 ani
849 416 1006 455 habens;
1040 424 1166 463 quarta
1183 424 1222 450 et
1237 411 1364 461 quinta
1387 410 1530 448 mediae
1553 410 1714 460 trapezia
1732 408 1919 454 formant,
1951 419 2038 455 qua-

552 490 641 517 tuor
659 472 889 519 ambulacris,
915 468 1034 508 sutura
1052 482 1072 506 a
1091 469 1229 506 vertice
1245 468 1283 504 in
1302 479 1409 504 anum
1427 477 1649 504 excurrente
1669 476 1706 502 et
1731 463 1897 513 margine
1922 463 2037 499 testae

553 530 848 579 circumscripta:
879 525 1027 575 Singula
1043 537 1121 562 area
1138 526 1271 562 iterum
1295 522 1412 560 sutura
1430 522 1560 559 serrata
1586 522 1624 559 in
1651 521 1740 557 duas
1767 518 1935 568 aequales
1959 529 2040 568 par-

555 601 613 628 tes
630 585 852 638 dispescitur.
939 580 1172 619 Eminentiae
1199 578 1351 627 exiguae
1373 578 1411 614 in
1436 577 1622 627 margine,
1650 574 1748 614 basin
1773 573 1915 620 versus,
1946 584 1983 609 et
2001 573 2040 608 in

556 646 631 696 ipsa
654 642 745 690 bafi‚
780 637 1016 690 granuiorurn
1041 636 1283 673 minimorum
1307 632 1429 670 forma
1456 641 1683 671 occurrunt;
1727 629 1915 680 superiore
1938 638 2042 677 parte

557 702 691 751 glabra.
745 699 926 744 Repertus
943 692 994 729 est
1010 691 1071 727 hic
1090 690 1314 738 Spatangites
1329 688 1367 725 in
1387 698 1520 726 monte
1539 687 1671 724 Muteti
1683 685 1847 722 Ditionis
1864 683 2043 722 ssafilecn-

559 759 614 795 fis,
671 752 784 789 Testa
800 747 920 797 lapide
940 745 1105 782 calcareo
1124 745 1263 793 repleta
1280 753 1369 780 erat.
1426 743 1484 780 Cl.
1502 748 1702 779 D’ANNONE
1721 740 1822 777 hunc
1852 739 2044 776 echiniten

560 811 660 850 mere
675 807 721 846 ad
736 801 936 853 Briffbidem
952 812 1091 838 nemu
1111 796 1348 837 referendum
1369 807 1492 848 putat:
1522 809 1632 847 quem
1656 795 1806 846 quidem
1825 794 1951 832 locum
1971 805 2044 831 nos

562 866 686 905 eidem
706 861 818 900 etiam
833 857 1041 899 tribuimus.

676 943 808 983 Miner·
830 937 956 984 Belull.
983 938 1013 975 V
1013 965 1022 974 ·
1044 945 1083 985 p·
1116 940 1175 973 161.
1199 933 1270 974 tab·
1301 934 1360 972 IV.
1373 935 1442 984 fig.
1459 944 1483 973 1.
1500 946 1528 972 2.
1542 945 1573 979 3.
1591 931 1721 972 Verfio
1737 930 1966 970 trafiationis
1986 930 2047 970 Cl.

567 1008 781 1047 D'ANNONE,
808 995 1034 1043 eaedemque
1051 992 1197 1029 icones.

679 1099 827 1127 WALCH.
843 1084 942 1123 delic.
961 1093 1080 1120 natur.
1101 1081 1150 1118 II.
1164 1089 1198 1129 p.
1218 1086 1280 1123 182.
1297 1078 1366 1117 tab.
1384 1079 1422 1119 E.
1437 1079 1501 1117 III.
1516 1091 1553 1117 n.
1573 1083 1602 1117 ὅ.
1632 1078 1727 1116 Icon
1743 1089 1804 1126 ea,
1847 1087 1956 1128 quam
1978 1087 2050 1115 nos

568 1145 749 1189 tab.XL1.
772 1142 800 1180 f.
837 1153 869 1188 5.,
894 1138 1108 1190 repetimus,

683 1223 746 1262 Ci.
762 1231 968 1261 nsscxmANN
999 1219 1036 1255 in
1058 1230 1134 1255 nov.
1150 1218 1216 1255 αέῖ.
1236 1216 1391 1264 Gotting.
1414 1214 1479 1252 ΠΙ.
1497 1224 1536 1263 p.
1557 1226 1610 1260 115.
1629 1213 1725 1252 hanc
1741 1213 1902 1263 speeiem
1923 1212 1968 1251 ad
1986 1214 2054 1252 Ga-

572 1285 663 1324 leam
676 1279 806 1321 taeniis
821 1275 948 1315 laceris
958 1273 1083 1319 refert,
1115 1285 1133 1309 a
1153 1285 1221 1321 qua
1237 1282 1361 1308 tamen
1375 1268 1536 1307 omnino
1557 1270 1621 1307 fim
1638 1269 1695 1306 ani
1714 1268 1847 1306 differt·

689 1373 723 1398 V·
732 1369 857 1397 PHELS-
866 1356 886 1393 l·
895 1352 1076 1404 C·P·32·sp·
1087 1366 1118 1398 3'·
1137 1348 1360 1400 Egelsclmigje
1367 1360 1534 1399 twee-top.
1545 1349 1565 1386 i.
1579 1361 1609 1387 er
1622 1348 1865 1386 Echinoneus
1875 1347 2056 1388 biuerrex.

687 1436 790 1474 Tres
808 1433 931 1480 itaque
954 1428 1092 1478 specics
1109 1428 1190 1476 (Sp.
1216 1426 1277 1461 IX,
1302 1425 1347 1460 X.
1372 1435 1409 1462 et
1430 1424 1541 1477 haec)
1565 1424 1740 1473 cognitae
1763 1426 1865 1470 sunt,
1904 1437 2056 1474 quarum

578 1492 782 1537 mffiuxacra
800 1499 882 1526 non
901 1498 946 1522 ex
964 1495 1039 1522 vno
1055 1481 1195 1532 puucsto
1213 1480 1233 1519 s.
1250 1478 1392 1517 vertice
1403 1478 1586 1524 oriuntur,
1615 1489 1654 1516 et
1670 1492 1762 1528 quae
1779 1478 1880 1516 forte
1896 1480 1983 1516 ideo
1995 1493 2054 1530 pe-

581 1551 718 1591 culiare
735 1555 852 1595 genus
869 1539 1017 1579 efficere
1034 1537 1197 1589 possent:
1224 1546 1260 1573 at
1276 1547 1368 1572 vero
1395 1547 1480 1571 cum
1508 1532 1728 1584 petrefaaae
1750 1543 1892 1572 tautum
1915 1534 2057 1573 inueni-

580 1616 700 1650 antur,
729 1601 790 1639 vbi
808 1598 915 1650 ipsius
932 1596 1044 1633 testae
1067 1591 1236 1630 naturalis
1252 1589 1372 1628 forma
1388 1589 1492 1640 saepe
1508 1589 1559 1626 est
1577 1599 1732 1637 mutata,
1763 1599 1875 1638 atque
1889 1589 1966 1627 oris
1984 1590 2057 1628 ani-

581 1674 656 1712 que
677 1659 741 1696 (itu
758 1667 842 1693 cum
860 1649 1052 1702 Spatangis
1067 1646 1311 1685 conueniant:
1342 1657 1402 1682 eas
1431 1644 1494 1683 sub
1520 1644 1599 1682 hoc
1615 1656 1752 1694 genere
1768 1643 1868 1682 fimul
1888 1658 2060 1696 compre-

580 1714 749 1756 hendere
766 1705 967 1748 consultius
987 1703 1083 1741 duxi.
1141 1704 1239 1740 Nam
1255 1701 1280 1738 fi
1294 1702 1461 1750 Spatangi
1473 1700 1584 1750 pufilli
1599 1700 1984 1750 nucleuspetrefai’tus
2003 1714 2060 1739 re-

580 1771 778 1824 periretur,
801 1766 831 1803 is
848 1760 1030 1814 probabili
1050 1758 1196 1796 ratione
1210 1757 1320 1794 etiam
1338 1755 1435 1795 duos
1454 1756 1615 1795 vertices
1633 1754 1801 1803 offerret,
1833 1768 1919 1794 cum
1937 1757 2063 1795 ambu-

579 1829 677 1867 lacra
692 1834 774 1863 non
791 1819 898 1873 plane
912 1815 948 1855 se
967 1815 1128 1853 inuicem
1143 1813 1339 1863 attingant,

696 1903 768 1942 His
786 1897 948 1947 denique
964 1894 1174 1943 subiungam
1191 1889 1387 1943 petrefaaa
1406 1890 1583 1938 quaedam
1602 1887 1744 1937 Echini,
1770 1901 1862 1940 quae
1877 1889 1978 1929 forte
1997 1890 2065 1929 fin-

589 1962 712 2015 gulare
728 1967 844 2009 genus
861 1951 1087 1991 constituere
1105 1957 1304 1993 merentur,
1333 1945 1436 1996 quod
1453 1945 1614 1982 medium
1638 1944 1679 1982 fit
1701 1945 1799 1983 inter
1815 1946 2067 1985 Echinamhum

588 2015 628 2058 et
642 2020 866 2068 Spatangum.
925 2007 1023 2044 Cum
1041 2005 1107 2043 illo
1126 2003 1224 2041 enim
1243 2002 1308 2040 situ
1326 2011 1364 2038 et
1384 2000 1556 2038 strue'tura
1575 2001 1666 2048 oris,
1696 2014 1782 2039 cum
1798 2001 1876 2039 hoc
1898 2015 1989 2040 vero
2007 2002 2066 2040 ani

584 2074 651 2115 fitu
669 2067 915 2110 conueniunt.
941 2061 1060 2102 Nolui
1083 2070 1204 2098 autem
1229 2069 1372 2096 nouum
1396 2068 1538 2093 nomen
1557 2068 1813 2107 componere,
1844 2057 1949 2109 quod
1963 2057 2066 2097 forte

583 2128 716 2182 aptius,
744 2123 823 2177 ipso
840 2117 994 2160 animale
1007 2114 1206 2170 aliquando
1222 2111 1387 2164 detecto,
1416 2111 1495 2152 fieri
1508 2112 1661 2164 poterit.

1972 2209 2068 2249 Echi-
